day,timestamp,product,bid_price_1,bid_volume_1,bid_price_2,bid_volume_2,bid_price_3,bid_volume_3,ask_price_1,ask_volume_1,ask_price_2,ask_volume_2,ask_price_3,ask_volume_3,mid_price,profit_and_loss
0,0,STRAWBERRIES,3999,210,N/A,N/A,N/A,N/A,4001,210,N/A,N/A,N/A,N/A,4000.0,0.0
0,100,STRAWBERRIES,3999,265,N/A,N/A,N/A,N/A,4000,265,N/A,N/A,N/A,N/A,3999.5,0.0
0,200,STRAWBERRIES,3999,282,N/A,N/A,N/A,N/A,4000,282,N/A,N/A,N/A,N/A,3999.5,0.0
0,300,STRAWBERRIES,3999,218,N/A,N/A,N/A,N/A,4000,218,N/A,N/A,N/A,N/A,3999.5,0.0
0,400,STRAWBERRIES,3999,79,3998.0,190.0,N/A,N/A,4000,269,N/A,N/A,N/A,N/A,3999.5,0.0
0,500,STRAWBERRIES,3999,163,N/A,N/A,N/A,N/A,4000,163,N/A,N/A,N/A,N/A,3999.5,0.0
0,600,STRAWBERRIES,3999,232,N/A,N/A,N/A,N/A,4000,69,4001.0,163.0,N/A,N/A,3999.5,0.0
0,700,STRAWBERRIES,3999,260,N/A,N/A,N/A,N/A,4000,74,4001.0,186.0,N/A,N/A,3999.5,0.0
0,800,STRAWBERRIES,3999,59,3998.0,136.0,N/A,N/A,4000,195,N/A,N/A,N/A,N/A,3999.5,0.0
0,900,STRAWBERRIES,3999,168,N/A,N/A,N/A,N/A,4000,168,N/A,N/A,N/A,N/A,3999.5,0.0
0,1000,STRAWBERRIES,3999,67,3998.0,175.0,N/A,N/A,4000,242,N/A,N/A,N/A,N/A,3999.5,0.0
0,1100,STRAWBERRIES,3999,215,N/A,N/A,N/A,N/A,4000,99,4001.0,116.0,N/A,N/A,3999.5,0.0
0,1200,STRAWBERRIES,3999,258,N/A,N/A,N/A,N/A,4000,258,N/A,N/A,N/A,N/A,3999.5,0.0
0,1300,STRAWBERRIES,3999,177,N/A,N/A,N/A,N/A,4001,177,N/A,N/A,N/A,N/A,4000.0,0.0
0,1400,STRAWBERRIES,3999,99,3998.0,128.0,N/A,N/A,4000,227,N/A,N/A,N/A,N/A,3999.5,0.0
0,1500,STRAWBERRIES,3999,195,N/A,N/A,N/A,N/A,4001,195,N/A,N/A,N/A,N/A,4000.0,0.0
0,1600,STRAWBERRIES,3999,288,N/A,N/A,N/A,N/A,4000,89,4001.0,199.0,N/A,N/A,3999.5,0.0
0,1700,STRAWBERRIES,3999,196,N/A,N/A,N/A,N/A,4000,196,N/A,N/A,N/A,N/A,3999.5,0.0
0,1800,STRAWBERRIES,3999,250,N/A,N/A,N/A,N/A,4000,78,4001.0,172.0,N/A,N/A,3999.5,0.0
0,1900,STRAWBERRIES,4000,199,N/A,N/A,N/A,N/A,4001,199,N/A,N/A,N/A,N/A,4000.5,0.0
0,2000,STRAWBERRIES,4000,172,N/A,N/A,N/A,N/A,4001,172,N/A,N/A,N/A,N/A,4000.5,0.0
0,2100,STRAWBERRIES,4000,279,N/A,N/A,N/A,N/A,4001,279,N/A,N/A,N/A,N/A,4000.5,0.0
0,2200,STRAWBERRIES,3999,192,N/A,N/A,N/A,N/A,4000,50,4001.0,142.0,N/A,N/A,3999.5,0.0
0,2300,STRAWBERRIES,3999,251,N/A,N/A,N/A,N/A,4001,251,N/A,N/A,N/A,N/A,4000.0,0.0
0,2400,STRAWBERRIES,3999,221,N/A,N/A,N/A,N/A,4001,221,N/A,N/A,N/A,N/A,4000.0,0.0
0,2500,STRAWBERRIES,4000,71,3999.0,118.0,N/A,N/A,4001,189,N/A,N/A,N/A,N/A,4000.5,0.0
0,2600,STRAWBERRIES,4000,239,N/A,N/A,N/A,N/A,4002,239,N/A,N/A,N/A,N/A,4001.0,0.0
0,2700,STRAWBERRIES,4000,83,3999.0,187.0,N/A,N/A,4001,270,N/A,N/A,N/A,N/A,4000.5,0.0
0,2800,STRAWBERRIES,3999,226,N/A,N/A,N/A,N/A,4001,226,N/A,N/A,N/A,N/A,4000.0,0.0
0,2900,STRAWBERRIES,4000,194,N/A,N/A,N/A,N/A,4001,194,N/A,N/A,N/A,N/A,4000.5,0.0
0,3000,STRAWBERRIES,4000,193,N/A,N/A,N/A,N/A,4002,193,N/A,N/A,N/A,N/A,4001.0,0.0
0,3100,STRAWBERRIES,4001,81,4000.0,141.0,N/A,N/A,4002,222,N/A,N/A,N/A,N/A,4001.5,0.0
0,3200,STRAWBERRIES,4000,236,N/A,N/A,N/A,N/A,4002,236,N/A,N/A,N/A,N/A,4001.0,0.0
0,3300,STRAWBERRIES,4000,249,N/A,N/A,N/A,N/A,4001,249,N/A,N/A,N/A,N/A,4000.5,0.0
0,3400,STRAWBERRIES,4000,83,3999.0,195.0,N/A,N/A,4001,278,N/A,N/A,N/A,N/A,4000.5,0.0
0,3500,STRAWBERRIES,4000,55,3999.0,114.0,N/A,N/A,4001,176,N/A,N/A,N/A,N/A,4000.5,0.0
0,3600,STRAWBERRIES,4000,238,N/A,N/A,N/A,N/A,4001,230,N/A,N/A,N/A,N/A,4000.5,0.0
0,3700,STRAWBERRIES,4000,180,N/A,N/A,N/A,N/A,4001,180,N/A,N/A,N/A,N/A,4000.5,0.0
0,3800,STRAWBERRIES,4000,168,N/A,N/A,N/A,N/A,4001,50,4002.0,118.0,N/A,N/A,4000.5,0.0
0,3900,STRAWBERRIES,4000,215,N/A,N/A,N/A,N/A,4001,95,4002.0,120.0,N/A,N/A,4000.5,0.0
0,4000,STRAWBERRIES,4000,238,N/A,N/A,N/A,N/A,4001,238,N/A,N/A,N/A,N/A,4000.5,0.0
0,4100,STRAWBERRIES,4000,223,N/A,N/A,N/A,N/A,4001,223,N/A,N/A,N/A,N/A,4000.5,0.0
0,4200,STRAWBERRIES,3999,200,N/A,N/A,N/A,N/A,4000,94,4001.0,106.0,N/A,N/A,3999.5,0.0
0,4300,STRAWBERRIES,3999,170,N/A,N/A,N/A,N/A,4000,170,N/A,N/A,N/A,N/A,3999.5,0.0
0,4400,STRAWBERRIES,3999,257,N/A,N/A,N/A,N/A,4000,75,4001.0,182.0,N/A,N/A,3999.5,0.0
0,4500,STRAWBERRIES,3999,174,N/A,N/A,N/A,N/A,4001,174,N/A,N/A,N/A,N/A,4000.0,0.0
0,4600,STRAWBERRIES,4000,77,3999.0,157.0,N/A,N/A,4001,234,N/A,N/A,N/A,N/A,4000.5,0.0
0,4700,STRAWBERRIES,3999,270,N/A,N/A,N/A,N/A,4000,83,4001.0,187.0,N/A,N/A,3999.5,0.0
0,4800,STRAWBERRIES,4000,12,3999.0,252.0,N/A,N/A,4001,252,N/A,N/A,N/A,N/A,4000.5,0.0
0,4900,STRAWBERRIES,3999,192,N/A,N/A,N/A,N/A,4000,64,4001.0,128.0,N/A,N/A,3999.5,0.0
0,5000,STRAWBERRIES,3999,264,N/A,N/A,N/A,N/A,4001,264,N/A,N/A,N/A,N/A,4000.0,0.0
0,5100,STRAWBERRIES,3998,203,N/A,N/A,N/A,N/A,4000,203,N/A,N/A,N/A,N/A,3999.0,0.0
0,5200,STRAWBERRIES,3998,276,N/A,N/A,N/A,N/A,4000,276,N/A,N/A,N/A,N/A,3999.0,0.0
0,5300,STRAWBERRIES,3998,250,N/A,N/A,N/A,N/A,3999,67,4000.0,177.0,N/A,N/A,3998.5,0.0
0,5400,STRAWBERRIES,3997,207,N/A,N/A,N/A,N/A,3999,207,N/A,N/A,N/A,N/A,3998.0,0.0
0,5500,STRAWBERRIES,3997,265,N/A,N/A,N/A,N/A,3998,94,3999.0,171.0,N/A,N/A,3997.5,0.0
0,5600,STRAWBERRIES,3998,260,N/A,N/A,N/A,N/A,3999,268,N/A,N/A,N/A,N/A,3998.5,0.0
0,5700,STRAWBERRIES,3998,230,N/A,N/A,N/A,N/A,4000,230,N/A,N/A,N/A,N/A,3999.0,0.0
0,5800,STRAWBERRIES,3998,196,N/A,N/A,N/A,N/A,4000,196,N/A,N/A,N/A,N/A,3999.0,0.0
0,5900,STRAWBERRIES,3998,267,N/A,N/A,N/A,N/A,3999,95,4000.0,172.0,N/A,N/A,3998.5,0.0
0,6000,STRAWBERRIES,3998,215,N/A,N/A,N/A,N/A,3999,215,N/A,N/A,N/A,N/A,3998.5,0.0
0,6100,STRAWBERRIES,3998,229,N/A,N/A,N/A,N/A,3999,229,N/A,N/A,N/A,N/A,3998.5,0.0
0,6200,STRAWBERRIES,3999,92,3998.0,185.0,N/A,N/A,4000,277,N/A,N/A,N/A,N/A,3999.5,0.0
0,6300,STRAWBERRIES,3999,211,N/A,N/A,N/A,N/A,4000,211,N/A,N/A,N/A,N/A,3999.5,0.0
0,6400,STRAWBERRIES,3999,261,N/A,N/A,N/A,N/A,4001,256,N/A,N/A,N/A,N/A,4000.0,0.0
0,6500,STRAWBERRIES,3999,232,N/A,N/A,N/A,N/A,4000,65,4001.0,167.0,N/A,N/A,3999.5,0.0
0,6600,STRAWBERRIES,3999,162,N/A,N/A,N/A,N/A,4000,53,4001.0,109.0,N/A,N/A,3999.5,0.0
0,6700,STRAWBERRIES,3999,156,N/A,N/A,N/A,N/A,4001,156,N/A,N/A,N/A,N/A,4000.0,0.0
0,6800,STRAWBERRIES,3999,290,N/A,N/A,N/A,N/A,4001,290,N/A,N/A,N/A,N/A,4000.0,0.0
0,6900,STRAWBERRIES,3999,212,N/A,N/A,N/A,N/A,4001,212,N/A,N/A,N/A,N/A,4000.0,0.0
0,7000,STRAWBERRIES,3999,245,N/A,N/A,N/A,N/A,4001,245,N/A,N/A,N/A,N/A,4000.0,0.0
0,7100,STRAWBERRIES,3999,187,N/A,N/A,N/A,N/A,4001,187,N/A,N/A,N/A,N/A,4000.0,0.0
0,7200,STRAWBERRIES,3999,234,N/A,N/A,N/A,N/A,4000,234,N/A,N/A,N/A,N/A,3999.5,0.0
0,7300,STRAWBERRIES,3999,242,N/A,N/A,N/A,N/A,4001,242,N/A,N/A,N/A,N/A,4000.0,0.0
0,7400,STRAWBERRIES,3999,271,N/A,N/A,N/A,N/A,4001,271,N/A,N/A,N/A,N/A,4000.0,0.0
0,7500,STRAWBERRIES,4000,81,3999.0,195.0,N/A,N/A,4001,276,N/A,N/A,N/A,N/A,4000.5,0.0
0,7600,STRAWBERRIES,4000,92,3999.0,115.0,N/A,N/A,4001,207,N/A,N/A,N/A,N/A,4000.5,0.0
0,7700,STRAWBERRIES,4000,11,3999.0,266.0,N/A,N/A,4001,266,N/A,N/A,N/A,N/A,4000.5,0.0
0,7800,STRAWBERRIES,3999,185,N/A,N/A,N/A,N/A,4001,185,N/A,N/A,N/A,N/A,4000.0,0.0
0,7900,STRAWBERRIES,4000,98,3999.0,186.0,N/A,N/A,4001,276,N/A,N/A,N/A,N/A,4000.5,0.0
0,8000,STRAWBERRIES,4000,216,N/A,N/A,N/A,N/A,4001,97,4002.0,119.0,N/A,N/A,4000.5,0.0
0,8100,STRAWBERRIES,4000,177,N/A,N/A,N/A,N/A,4002,177,N/A,N/A,N/A,N/A,4001.0,0.0
0,8200,STRAWBERRIES,4000,177,N/A,N/A,N/A,N/A,4002,177,N/A,N/A,N/A,N/A,4001.0,0.0
0,8300,STRAWBERRIES,4001,174,N/A,N/A,N/A,N/A,4002,174,N/A,N/A,N/A,N/A,4001.5,0.0
0,8400,STRAWBERRIES,4001,224,N/A,N/A,N/A,N/A,4003,224,N/A,N/A,N/A,N/A,4002.0,0.0
0,8500,STRAWBERRIES,4001,217,N/A,N/A,N/A,N/A,4003,217,N/A,N/A,N/A,N/A,4002.0,0.0
0,8600,STRAWBERRIES,4002,266,N/A,N/A,N/A,N/A,4003,266,N/A,N/A,N/A,N/A,4002.5,0.0
0,8700,STRAWBERRIES,4002,203,N/A,N/A,N/A,N/A,4003,203,N/A,N/A,N/A,N/A,4002.5,0.0
0,8800,STRAWBERRIES,4002,274,N/A,N/A,N/A,N/A,4003,274,N/A,N/A,N/A,N/A,4002.5,0.0
0,8900,STRAWBERRIES,4002,226,N/A,N/A,N/A,N/A,4004,226,N/A,N/A,N/A,N/A,4003.0,0.0
0,9000,STRAWBERRIES,4002,174,N/A,N/A,N/A,N/A,4004,174,N/A,N/A,N/A,N/A,4003.0,0.0
0,9100,STRAWBERRIES,4002,91,4001.0,151.0,N/A,N/A,4003,242,N/A,N/A,N/A,N/A,4002.5,0.0
0,9200,STRAWBERRIES,4002,89,4001.0,150.0,N/A,N/A,4003,239,N/A,N/A,N/A,N/A,4002.5,0.0
0,9300,STRAWBERRIES,4002,69,4001.0,126.0,N/A,N/A,4003,195,N/A,N/A,N/A,N/A,4002.5,0.0
0,9400,STRAWBERRIES,4002,226,N/A,N/A,N/A,N/A,4004,226,N/A,N/A,N/A,N/A,4003.0,0.0
0,9500,STRAWBERRIES,4002,267,N/A,N/A,N/A,N/A,4003,80,4004.0,187.0,N/A,N/A,4002.5,0.0
0,9600,STRAWBERRIES,4002,85,4001.0,114.0,N/A,N/A,4003,199,N/A,N/A,N/A,N/A,4002.5,0.0
0,9700,STRAWBERRIES,4002,234,N/A,N/A,N/A,N/A,4004,234,N/A,N/A,N/A,N/A,4003.0,0.0
0,9800,STRAWBERRIES,4002,232,N/A,N/A,N/A,N/A,4004,232,N/A,N/A,N/A,N/A,4003.0,0.0
0,9900,STRAWBERRIES,4003,63,4002.0,158.0,N/A,N/A,4004,221,N/A,N/A,N/A,N/A,4003.5,0.0
0,10000,STRAWBERRIES,4003,63,4002.0,146.0,N/A,N/A,4004,209,N/A,N/A,N/A,N/A,4003.5,0.0
0,10100,STRAWBERRIES,4003,277,N/A,N/A,N/A,N/A,4004,277,N/A,N/A,N/A,N/A,4003.5,0.0
0,10200,STRAWBERRIES,4003,207,N/A,N/A,N/A,N/A,4004,207,N/A,N/A,N/A,N/A,4003.5,0.0
0,10300,STRAWBERRIES,4003,202,N/A,N/A,N/A,N/A,4004,202,N/A,N/A,N/A,N/A,4003.5,0.0
0,10400,STRAWBERRIES,4003,88,4002.0,166.0,N/A,N/A,4004,254,N/A,N/A,N/A,N/A,4003.5,0.0
0,10500,STRAWBERRIES,4003,198,N/A,N/A,N/A,N/A,4004,198,N/A,N/A,N/A,N/A,4003.5,0.0
0,10600,STRAWBERRIES,4003,89,4002.0,160.0,N/A,N/A,4004,249,N/A,N/A,N/A,N/A,4003.5,0.0
0,10700,STRAWBERRIES,4002,227,N/A,N/A,N/A,N/A,4004,227,N/A,N/A,N/A,N/A,4003.0,0.0
0,10800,STRAWBERRIES,4002,248,N/A,N/A,N/A,N/A,4003,89,4004.0,159.0,N/A,N/A,4002.5,0.0
0,10900,STRAWBERRIES,4003,269,N/A,N/A,N/A,N/A,4004,269,N/A,N/A,N/A,N/A,4003.5,0.0
0,11000,STRAWBERRIES,4002,216,N/A,N/A,N/A,N/A,4003,216,N/A,N/A,N/A,N/A,4002.5,0.0
0,11100,STRAWBERRIES,4001,270,N/A,N/A,N/A,N/A,4003,270,N/A,N/A,N/A,N/A,4002.0,0.0
0,11200,STRAWBERRIES,4001,89,4000.0,151.0,N/A,N/A,4002,232,N/A,N/A,N/A,N/A,4001.5,0.0
0,11300,STRAWBERRIES,4001,79,4000.0,175.0,N/A,N/A,4002,254,N/A,N/A,N/A,N/A,4001.5,0.0
0,11400,STRAWBERRIES,4000,216,N/A,N/A,N/A,N/A,4002,216,N/A,N/A,N/A,N/A,4001.0,0.0
0,11500,STRAWBERRIES,4000,267,N/A,N/A,N/A,N/A,4001,267,N/A,N/A,N/A,N/A,4000.5,0.0
0,11600,STRAWBERRIES,4000,229,N/A,N/A,N/A,N/A,4001,55,4002.0,174.0,N/A,N/A,4000.5,0.0
0,11700,STRAWBERRIES,4000,91,3999.0,163.0,N/A,N/A,4001,254,N/A,N/A,N/A,N/A,4000.5,0.0
0,11800,STRAWBERRIES,4000,216,N/A,N/A,N/A,N/A,4002,216,N/A,N/A,N/A,N/A,4001.0,0.0
0,11900,STRAWBERRIES,4001,77,4000.0,129.0,N/A,N/A,4002,206,N/A,N/A,N/A,N/A,4001.5,0.0
0,12000,STRAWBERRIES,4001,253,N/A,N/A,N/A,N/A,4002,253,N/A,N/A,N/A,N/A,4001.5,0.0
0,12100,STRAWBERRIES,4001,195,N/A,N/A,N/A,N/A,4002,195,N/A,N/A,N/A,N/A,4001.5,0.0
0,12200,STRAWBERRIES,4001,218,N/A,N/A,N/A,N/A,4002,74,4003.0,149.0,N/A,N/A,4001.5,0.0
0,12300,STRAWBERRIES,4001,255,N/A,N/A,N/A,N/A,4003,255,N/A,N/A,N/A,N/A,4002.0,0.0
0,12400,STRAWBERRIES,4001,71,4000.0,156.0,N/A,N/A,4002,236,N/A,N/A,N/A,N/A,4001.5,0.0
0,12500,STRAWBERRIES,4000,251,N/A,N/A,N/A,N/A,4002,251,N/A,N/A,N/A,N/A,4001.0,0.0
0,12600,STRAWBERRIES,4000,219,N/A,N/A,N/A,N/A,4001,59,4002.0,160.0,N/A,N/A,4000.5,0.0
0,12700,STRAWBERRIES,4000,230,N/A,N/A,N/A,N/A,4001,91,4002.0,139.0,N/A,N/A,4000.5,0.0
0,12800,STRAWBERRIES,4000,208,N/A,N/A,N/A,N/A,4001,208,N/A,N/A,N/A,N/A,4000.5,0.0
0,12900,STRAWBERRIES,4000,83,3999.0,186.0,N/A,N/A,4001,269,N/A,N/A,N/A,N/A,4000.5,0.0
0,13000,STRAWBERRIES,4000,61,3999.0,176.0,N/A,N/A,4001,237,N/A,N/A,N/A,N/A,4000.5,0.0
0,13100,STRAWBERRIES,3999,197,N/A,N/A,N/A,N/A,4001,197,N/A,N/A,N/A,N/A,4000.0,0.0
0,13200,STRAWBERRIES,3999,207,N/A,N/A,N/A,N/A,4001,207,N/A,N/A,N/A,N/A,4000.0,0.0
0,13300,STRAWBERRIES,3999,184,N/A,N/A,N/A,N/A,4000,181,N/A,N/A,N/A,N/A,3999.5,0.0
0,13400,STRAWBERRIES,3998,239,N/A,N/A,N/A,N/A,4000,239,N/A,N/A,N/A,N/A,3999.0,0.0
0,13500,STRAWBERRIES,3998,53,3997.0,136.0,N/A,N/A,3999,189,N/A,N/A,N/A,N/A,3998.5,0.0
0,13600,STRAWBERRIES,3998,247,N/A,N/A,N/A,N/A,3999,247,N/A,N/A,N/A,N/A,3998.5,0.0
0,13700,STRAWBERRIES,3998,83,3997.0,195.0,N/A,N/A,3999,278,N/A,N/A,N/A,N/A,3998.5,0.0
0,13800,STRAWBERRIES,3998,68,3997.0,187.0,N/A,N/A,3999,255,N/A,N/A,N/A,N/A,3998.5,0.0
0,13900,STRAWBERRIES,3998,12,3997.0,236.0,N/A,N/A,3999,236,N/A,N/A,N/A,N/A,3998.5,0.0
0,14000,STRAWBERRIES,3997,260,N/A,N/A,N/A,N/A,3999,260,N/A,N/A,N/A,N/A,3998.0,0.0
0,14100,STRAWBERRIES,3998,99,3997.0,185.0,N/A,N/A,3999,284,N/A,N/A,N/A,N/A,3998.5,0.0
0,14200,STRAWBERRIES,3998,73,3997.0,189.0,N/A,N/A,3999,262,N/A,N/A,N/A,N/A,3998.5,0.0
0,14300,STRAWBERRIES,3998,259,N/A,N/A,N/A,N/A,3999,84,4000.0,175.0,N/A,N/A,3998.5,0.0
0,14400,STRAWBERRIES,3998,205,N/A,N/A,N/A,N/A,4000,205,N/A,N/A,N/A,N/A,3999.0,0.0
0,14500,STRAWBERRIES,3998,266,N/A,N/A,N/A,N/A,4000,266,N/A,N/A,N/A,N/A,3999.0,0.0
0,14600,STRAWBERRIES,3997,188,N/A,N/A,N/A,N/A,3999,188,N/A,N/A,N/A,N/A,3998.0,0.0
0,14700,STRAWBERRIES,3997,204,N/A,N/A,N/A,N/A,3998,88,3999.0,116.0,N/A,N/A,3997.5,0.0
0,14800,STRAWBERRIES,3997,196,N/A,N/A,N/A,N/A,3999,196,N/A,N/A,N/A,N/A,3998.0,0.0
0,14900,STRAWBERRIES,3997,202,N/A,N/A,N/A,N/A,3998,89,3999.0,113.0,N/A,N/A,3997.5,0.0
0,15000,STRAWBERRIES,3997,165,N/A,N/A,N/A,N/A,3999,170,N/A,N/A,N/A,N/A,3998.0,0.0
0,15100,STRAWBERRIES,3997,83,3996.0,104.0,N/A,N/A,3998,187,N/A,N/A,N/A,N/A,3997.5,0.0
0,15200,STRAWBERRIES,3997,86,3996.0,138.0,N/A,N/A,3998,224,N/A,N/A,N/A,N/A,3997.5,0.0
0,15300,STRAWBERRIES,3996,244,N/A,N/A,N/A,N/A,3997,10,3998.0,244.0,N/A,N/A,3996.5,0.0
0,15400,STRAWBERRIES,3996,249,N/A,N/A,N/A,N/A,3998,249,N/A,N/A,N/A,N/A,3997.0,0.0
0,15500,STRAWBERRIES,3996,200,N/A,N/A,N/A,N/A,3997,54,3998.0,146.0,N/A,N/A,3996.5,0.0
0,15600,STRAWBERRIES,3996,264,N/A,N/A,N/A,N/A,3997,264,N/A,N/A,N/A,N/A,3996.5,0.0
0,15700,STRAWBERRIES,3996,237,N/A,N/A,N/A,N/A,3997,67,3998.0,170.0,N/A,N/A,3996.5,0.0
0,15800,STRAWBERRIES,3997,49,3996.0,112.0,N/A,N/A,3998,166,N/A,N/A,N/A,N/A,3997.5,0.0
0,15900,STRAWBERRIES,3997,60,3996.0,112.0,N/A,N/A,3998,172,N/A,N/A,N/A,N/A,3997.5,0.0
0,16000,STRAWBERRIES,3997,234,N/A,N/A,N/A,N/A,3998,87,3999.0,147.0,N/A,N/A,3997.5,0.0
0,16100,STRAWBERRIES,3997,219,N/A,N/A,N/A,N/A,3999,219,N/A,N/A,N/A,N/A,3998.0,0.0
0,16200,STRAWBERRIES,3997,235,N/A,N/A,N/A,N/A,3998,78,3999.0,157.0,N/A,N/A,3997.5,0.0
0,16300,STRAWBERRIES,3997,95,3996.0,193.0,N/A,N/A,3998,288,N/A,N/A,N/A,N/A,3997.5,0.0
0,16400,STRAWBERRIES,3997,210,N/A,N/A,N/A,N/A,3998,68,3999.0,142.0,N/A,N/A,3997.5,0.0
0,16500,STRAWBERRIES,3997,255,N/A,N/A,N/A,N/A,3999,255,N/A,N/A,N/A,N/A,3998.0,0.0
0,16600,STRAWBERRIES,3998,256,N/A,N/A,N/A,N/A,3999,75,4000.0,181.0,N/A,N/A,3998.5,0.0
0,16700,STRAWBERRIES,3998,250,N/A,N/A,N/A,N/A,4000,250,N/A,N/A,N/A,N/A,3999.0,0.0
0,16800,STRAWBERRIES,3998,169,N/A,N/A,N/A,N/A,4000,169,N/A,N/A,N/A,N/A,3999.0,0.0
0,16900,STRAWBERRIES,3998,265,N/A,N/A,N/A,N/A,4000,265,N/A,N/A,N/A,N/A,3999.0,0.0
0,17000,STRAWBERRIES,3999,56,3998.0,150.0,N/A,N/A,4000,206,N/A,N/A,N/A,N/A,3999.5,0.0
0,17100,STRAWBERRIES,3999,84,3998.0,120.0,N/A,N/A,4000,204,N/A,N/A,N/A,N/A,3999.5,0.0
0,17200,STRAWBERRIES,3999,57,3998.0,178.0,N/A,N/A,4000,235,N/A,N/A,N/A,N/A,3999.5,0.0
0,17300,STRAWBERRIES,3997,259,N/A,N/A,N/A,N/A,3999,259,N/A,N/A,N/A,N/A,3998.0,0.0
0,17400,STRAWBERRIES,3997,208,N/A,N/A,N/A,N/A,3998,208,N/A,N/A,N/A,N/A,3997.5,0.0
0,17500,STRAWBERRIES,3998,161,N/A,N/A,N/A,N/A,3999,167,N/A,N/A,N/A,N/A,3998.5,0.0
0,17600,STRAWBERRIES,3998,92,3997.0,173.0,N/A,N/A,3999,265,N/A,N/A,N/A,N/A,3998.5,0.0
0,17700,STRAWBERRIES,3997,281,N/A,N/A,N/A,N/A,3999,281,N/A,N/A,N/A,N/A,3998.0,0.0
0,17800,STRAWBERRIES,3997,180,N/A,N/A,N/A,N/A,3999,180,N/A,N/A,N/A,N/A,3998.0,0.0
0,17900,STRAWBERRIES,3997,157,N/A,N/A,N/A,N/A,3999,157,N/A,N/A,N/A,N/A,3998.0,0.0
0,18000,STRAWBERRIES,3997,215,N/A,N/A,N/A,N/A,3998,100,3999.0,115.0,N/A,N/A,3997.5,0.0
0,18100,STRAWBERRIES,3997,237,N/A,N/A,N/A,N/A,3998,225,N/A,N/A,N/A,N/A,3997.5,0.0
0,18200,STRAWBERRIES,3996,159,N/A,N/A,N/A,N/A,3998,159,N/A,N/A,N/A,N/A,3997.0,0.0
0,18300,STRAWBERRIES,3997,7,3996.0,236.0,N/A,N/A,3998,236,N/A,N/A,N/A,N/A,3997.5,0.0
0,18400,STRAWBERRIES,3997,245,N/A,N/A,N/A,N/A,3998,245,N/A,N/A,N/A,N/A,3997.5,0.0
0,18500,STRAWBERRIES,3997,195,N/A,N/A,N/A,N/A,3998,195,N/A,N/A,N/A,N/A,3997.5,0.0
0,18600,STRAWBERRIES,3997,216,N/A,N/A,N/A,N/A,3998,62,3999.0,154.0,N/A,N/A,3997.5,0.0
0,18700,STRAWBERRIES,3997,259,N/A,N/A,N/A,N/A,3998,68,3999.0,191.0,N/A,N/A,3997.5,0.0
0,18800,STRAWBERRIES,3997,232,N/A,N/A,N/A,N/A,3999,232,N/A,N/A,N/A,N/A,3998.0,0.0
0,18900,STRAWBERRIES,3998,178,N/A,N/A,N/A,N/A,3999,178,N/A,N/A,N/A,N/A,3998.5,0.0
0,19000,STRAWBERRIES,3998,204,N/A,N/A,N/A,N/A,3999,80,4000.0,124.0,N/A,N/A,3998.5,0.0
0,19100,STRAWBERRIES,3998,86,3997.0,181.0,N/A,N/A,3999,267,N/A,N/A,N/A,N/A,3998.5,0.0
0,19200,STRAWBERRIES,3997,206,N/A,N/A,N/A,N/A,3999,206,N/A,N/A,N/A,N/A,3998.0,0.0
0,19300,STRAWBERRIES,3998,56,3997.0,158.0,N/A,N/A,3999,214,N/A,N/A,N/A,N/A,3998.5,0.0
0,19400,STRAWBERRIES,3998,201,N/A,N/A,N/A,N/A,3999,201,N/A,N/A,N/A,N/A,3998.5,0.0
0,19500,STRAWBERRIES,3998,251,N/A,N/A,N/A,N/A,4000,251,N/A,N/A,N/A,N/A,3999.0,0.0
0,19600,STRAWBERRIES,3998,228,N/A,N/A,N/A,N/A,4000,228,N/A,N/A,N/A,N/A,3999.0,0.0
0,19700,STRAWBERRIES,3999,99,3998.0,191.0,N/A,N/A,4000,290,N/A,N/A,N/A,N/A,3999.5,0.0
0,19800,STRAWBERRIES,3999,69,3998.0,160.0,N/A,N/A,4000,229,N/A,N/A,N/A,N/A,3999.5,0.0
0,19900,STRAWBERRIES,3999,84,3998.0,184.0,N/A,N/A,4000,256,N/A,N/A,N/A,N/A,3999.5,0.0
0,20000,STRAWBERRIES,3999,66,3998.0,145.0,N/A,N/A,4000,211,N/A,N/A,N/A,N/A,3999.5,0.0
0,20100,STRAWBERRIES,3999,61,3998.0,191.0,N/A,N/A,4000,252,N/A,N/A,N/A,N/A,3999.5,0.0
0,20200,STRAWBERRIES,3999,58,3998.0,161.0,N/A,N/A,4000,219,N/A,N/A,N/A,N/A,3999.5,0.0
0,20300,STRAWBERRIES,3998,180,N/A,N/A,N/A,N/A,4000,180,N/A,N/A,N/A,N/A,3999.0,0.0
0,20400,STRAWBERRIES,3998,285,N/A,N/A,N/A,N/A,3999,94,4000.0,191.0,N/A,N/A,3998.5,0.0
0,20500,STRAWBERRIES,3998,234,N/A,N/A,N/A,N/A,3999,234,N/A,N/A,N/A,N/A,3998.5,0.0
0,20600,STRAWBERRIES,3998,190,N/A,N/A,N/A,N/A,4000,190,N/A,N/A,N/A,N/A,3999.0,0.0
0,20700,STRAWBERRIES,3999,66,3998.0,126.0,N/A,N/A,4000,192,N/A,N/A,N/A,N/A,3999.5,0.0
0,20800,STRAWBERRIES,3998,228,N/A,N/A,N/A,N/A,4000,228,N/A,N/A,N/A,N/A,3999.0,0.0
0,20900,STRAWBERRIES,3999,211,N/A,N/A,N/A,N/A,4000,211,N/A,N/A,N/A,N/A,3999.5,0.0
0,21000,STRAWBERRIES,3999,214,N/A,N/A,N/A,N/A,4000,81,4001.0,133.0,N/A,N/A,3999.5,0.0
0,21100,STRAWBERRIES,3999,174,N/A,N/A,N/A,N/A,4000,174,N/A,N/A,N/A,N/A,3999.5,0.0
0,21200,STRAWBERRIES,3999,233,N/A,N/A,N/A,N/A,4001,233,N/A,N/A,N/A,N/A,4000.0,0.0
0,21300,STRAWBERRIES,3998,187,N/A,N/A,N/A,N/A,4000,187,N/A,N/A,N/A,N/A,3999.0,0.0
0,21400,STRAWBERRIES,3998,203,N/A,N/A,N/A,N/A,4000,203,N/A,N/A,N/A,N/A,3999.0,0.0
0,21500,STRAWBERRIES,3999,168,N/A,N/A,N/A,N/A,4000,67,4001.0,101.0,N/A,N/A,3999.5,0.0
0,21600,STRAWBERRIES,3999,98,3998.0,189.0,N/A,N/A,4000,287,N/A,N/A,N/A,N/A,3999.5,0.0
0,21700,STRAWBERRIES,3999,65,3998.0,184.0,N/A,N/A,4000,249,N/A,N/A,N/A,N/A,3999.5,0.0
0,21800,STRAWBERRIES,3999,170,N/A,N/A,N/A,N/A,4001,170,N/A,N/A,N/A,N/A,4000.0,0.0
0,21900,STRAWBERRIES,3999,229,N/A,N/A,N/A,N/A,4001,229,N/A,N/A,N/A,N/A,4000.0,0.0
0,22000,STRAWBERRIES,3999,202,N/A,N/A,N/A,N/A,4001,202,N/A,N/A,N/A,N/A,4000.0,0.0
0,22100,STRAWBERRIES,4000,54,3999.0,121.0,N/A,N/A,4001,175,N/A,N/A,N/A,N/A,4000.5,0.0
0,22200,STRAWBERRIES,4000,262,N/A,N/A,N/A,N/A,4002,262,N/A,N/A,N/A,N/A,4001.0,0.0
0,22300,STRAWBERRIES,4000,170,N/A,N/A,N/A,N/A,4001,64,4002.0,106.0,N/A,N/A,4000.5,0.0
0,22400,STRAWBERRIES,3999,216,N/A,N/A,N/A,N/A,4000,6,4001.0,216.0,N/A,N/A,3999.5,0.0
0,22500,STRAWBERRIES,4000,232,N/A,N/A,N/A,N/A,4002,232,N/A,N/A,N/A,N/A,4001.0,0.0
0,22600,STRAWBERRIES,4000,233,N/A,N/A,N/A,N/A,4002,233,N/A,N/A,N/A,N/A,4001.0,0.0
0,22700,STRAWBERRIES,4000,236,N/A,N/A,N/A,N/A,4001,236,N/A,N/A,N/A,N/A,4000.5,0.0
0,22800,STRAWBERRIES,4000,218,N/A,N/A,N/A,N/A,4001,218,N/A,N/A,N/A,N/A,4000.5,0.0
0,22900,STRAWBERRIES,4000,263,N/A,N/A,N/A,N/A,4002,263,N/A,N/A,N/A,N/A,4001.0,0.0
0,23000,STRAWBERRIES,4000,219,N/A,N/A,N/A,N/A,4002,219,N/A,N/A,N/A,N/A,4001.0,0.0
0,23100,STRAWBERRIES,4001,93,4000.0,130.0,N/A,N/A,4002,223,N/A,N/A,N/A,N/A,4001.5,0.0
0,23200,STRAWBERRIES,4000,241,N/A,N/A,N/A,N/A,4002,241,N/A,N/A,N/A,N/A,4001.0,0.0
0,23300,STRAWBERRIES,4000,243,N/A,N/A,N/A,N/A,4002,243,N/A,N/A,N/A,N/A,4001.0,0.0
0,23400,STRAWBERRIES,4000,74,3999.0,170.0,N/A,N/A,4001,244,N/A,N/A,N/A,N/A,4000.5,0.0
0,23500,STRAWBERRIES,3999,221,N/A,N/A,N/A,N/A,4001,221,N/A,N/A,N/A,N/A,4000.0,0.0
0,23600,STRAWBERRIES,3999,204,N/A,N/A,N/A,N/A,4000,84,4001.0,120.0,N/A,N/A,3999.5,0.0
0,23700,STRAWBERRIES,4000,260,N/A,N/A,N/A,N/A,4001,260,N/A,N/A,N/A,N/A,4000.5,0.0
0,23800,STRAWBERRIES,4000,207,N/A,N/A,N/A,N/A,4001,64,4002.0,143.0,N/A,N/A,4000.5,0.0
0,23900,STRAWBERRIES,4000,251,N/A,N/A,N/A,N/A,4002,251,N/A,N/A,N/A,N/A,4001.0,0.0
0,24000,STRAWBERRIES,4000,248,N/A,N/A,N/A,N/A,4002,248,N/A,N/A,N/A,N/A,4001.0,0.0
0,24100,STRAWBERRIES,4000,278,N/A,N/A,N/A,N/A,4002,270,N/A,N/A,N/A,N/A,4001.0,0.0
0,24200,STRAWBERRIES,4000,242,N/A,N/A,N/A,N/A,4001,242,N/A,N/A,N/A,N/A,4000.5,0.0
0,24300,STRAWBERRIES,4000,91,3999.0,157.0,N/A,N/A,4001,248,N/A,N/A,N/A,N/A,4000.5,0.0
0,24400,STRAWBERRIES,4000,54,3999.0,154.0,N/A,N/A,4001,208,N/A,N/A,N/A,N/A,4000.5,0.0
0,24500,STRAWBERRIES,3999,263,N/A,N/A,N/A,N/A,4001,263,N/A,N/A,N/A,N/A,4000.0,0.0
0,24600,STRAWBERRIES,4000,229,N/A,N/A,N/A,N/A,4001,60,4002.0,169.0,N/A,N/A,4000.5,0.0
0,24700,STRAWBERRIES,4000,65,3999.0,197.0,N/A,N/A,4001,262,N/A,N/A,N/A,N/A,4000.5,0.0
0,24800,STRAWBERRIES,3999,174,N/A,N/A,N/A,N/A,4001,174,N/A,N/A,N/A,N/A,4000.0,0.0
0,24900,STRAWBERRIES,3999,217,N/A,N/A,N/A,N/A,4000,58,4001.0,159.0,N/A,N/A,3999.5,0.0
0,25000,STRAWBERRIES,3999,252,N/A,N/A,N/A,N/A,4001,252,N/A,N/A,N/A,N/A,4000.0,0.0
0,25100,STRAWBERRIES,3999,241,N/A,N/A,N/A,N/A,4000,81,4001.0,160.0,N/A,N/A,3999.5,0.0
0,25200,STRAWBERRIES,3999,79,3998.0,164.0,N/A,N/A,4000,243,N/A,N/A,N/A,N/A,3999.5,0.0
0,25300,STRAWBERRIES,3999,179,N/A,N/A,N/A,N/A,4001,179,N/A,N/A,N/A,N/A,4000.0,0.0
0,25400,STRAWBERRIES,3999,176,N/A,N/A,N/A,N/A,4001,176,N/A,N/A,N/A,N/A,4000.0,0.0
0,25500,STRAWBERRIES,4000,73,3999.0,144.0,N/A,N/A,4001,217,N/A,N/A,N/A,N/A,4000.5,0.0
0,25600,STRAWBERRIES,4000,205,N/A,N/A,N/A,N/A,4001,62,4002.0,136.0,N/A,N/A,4000.5,0.0
0,25700,STRAWBERRIES,4000,179,N/A,N/A,N/A,N/A,4002,179,N/A,N/A,N/A,N/A,4001.0,0.0
0,25800,STRAWBERRIES,4000,227,N/A,N/A,N/A,N/A,4002,227,N/A,N/A,N/A,N/A,4001.0,0.0
0,25900,STRAWBERRIES,4000,226,N/A,N/A,N/A,N/A,4002,226,N/A,N/A,N/A,N/A,4001.0,0.0
0,26000,STRAWBERRIES,4000,203,N/A,N/A,N/A,N/A,4002,203,N/A,N/A,N/A,N/A,4001.0,0.0
0,26100,STRAWBERRIES,4000,208,N/A,N/A,N/A,N/A,4002,208,N/A,N/A,N/A,N/A,4001.0,0.0
0,26200,STRAWBERRIES,4000,184,N/A,N/A,N/A,N/A,4001,80,4002.0,104.0,N/A,N/A,4000.5,0.0
0,26300,STRAWBERRIES,4000,256,N/A,N/A,N/A,N/A,4002,256,N/A,N/A,N/A,N/A,4001.0,0.0
0,26400,STRAWBERRIES,4000,280,N/A,N/A,N/A,N/A,4001,82,4002.0,198.0,N/A,N/A,4000.5,0.0
0,26500,STRAWBERRIES,4000,246,N/A,N/A,N/A,N/A,4002,246,N/A,N/A,N/A,N/A,4001.0,0.0
0,26600,STRAWBERRIES,4001,167,N/A,N/A,N/A,N/A,4002,55,4003.0,112.0,N/A,N/A,4001.5,0.0
0,26700,STRAWBERRIES,4001,196,N/A,N/A,N/A,N/A,4003,196,N/A,N/A,N/A,N/A,4002.0,0.0
0,26800,STRAWBERRIES,4002,79,4001.0,191.0,N/A,N/A,4003,270,N/A,N/A,N/A,N/A,4002.5,0.0
0,26900,STRAWBERRIES,4002,265,N/A,N/A,N/A,N/A,4003,265,N/A,N/A,N/A,N/A,4002.5,0.0
0,27000,STRAWBERRIES,4002,241,N/A,N/A,N/A,N/A,4003,241,N/A,N/A,N/A,N/A,4002.5,0.0
0,27100,STRAWBERRIES,4001,232,N/A,N/A,N/A,N/A,4002,232,N/A,N/A,N/A,N/A,4001.5,0.0
0,27200,STRAWBERRIES,4000,232,N/A,N/A,N/A,N/A,4001,100,4002.0,129.0,N/A,N/A,4000.5,0.0
0,27300,STRAWBERRIES,4000,90,3999.0,194.0,N/A,N/A,4001,284,N/A,N/A,N/A,N/A,4000.5,0.0
0,27400,STRAWBERRIES,3999,208,N/A,N/A,N/A,N/A,4001,208,N/A,N/A,N/A,N/A,4000.0,0.0
0,27500,STRAWBERRIES,4000,251,N/A,N/A,N/A,N/A,4001,251,N/A,N/A,N/A,N/A,4000.5,0.0
0,27600,STRAWBERRIES,4000,69,3999.0,128.0,N/A,N/A,4001,197,N/A,N/A,N/A,N/A,4000.5,0.0
0,27700,STRAWBERRIES,3999,192,N/A,N/A,N/A,N/A,4001,192,N/A,N/A,N/A,N/A,4000.0,0.0
0,27800,STRAWBERRIES,3999,185,N/A,N/A,N/A,N/A,4000,63,4001.0,114.0,N/A,N/A,3999.5,0.0
0,27900,STRAWBERRIES,3999,65,3998.0,161.0,N/A,N/A,4000,226,N/A,N/A,N/A,N/A,3999.5,0.0
0,28000,STRAWBERRIES,3999,57,3998.0,187.0,N/A,N/A,4000,244,N/A,N/A,N/A,N/A,3999.5,0.0
0,28100,STRAWBERRIES,3999,209,N/A,N/A,N/A,N/A,4001,209,N/A,N/A,N/A,N/A,4000.0,0.0
0,28200,STRAWBERRIES,3999,238,N/A,N/A,N/A,N/A,4001,238,N/A,N/A,N/A,N/A,4000.0,0.0
0,28300,STRAWBERRIES,3999,213,N/A,N/A,N/A,N/A,4000,90,4001.0,123.0,N/A,N/A,3999.5,0.0
0,28400,STRAWBERRIES,3999,214,N/A,N/A,N/A,N/A,4001,214,N/A,N/A,N/A,N/A,4000.0,0.0
0,28500,STRAWBERRIES,3999,203,N/A,N/A,N/A,N/A,4001,203,N/A,N/A,N/A,N/A,4000.0,0.0
0,28600,STRAWBERRIES,3999,203,N/A,N/A,N/A,N/A,4000,97,4001.0,106.0,N/A,N/A,3999.5,0.0
0,28700,STRAWBERRIES,3999,242,N/A,N/A,N/A,N/A,4001,242,N/A,N/A,N/A,N/A,4000.0,0.0
0,28800,STRAWBERRIES,3999,215,N/A,N/A,N/A,N/A,4001,215,N/A,N/A,N/A,N/A,4000.0,0.0
0,28900,STRAWBERRIES,3999,287,N/A,N/A,N/A,N/A,4001,287,N/A,N/A,N/A,N/A,4000.0,0.0
0,29000,STRAWBERRIES,3999,76,3998.0,141.0,N/A,N/A,4000,217,N/A,N/A,N/A,N/A,3999.5,0.0
0,29100,STRAWBERRIES,3999,59,3998.0,175.0,N/A,N/A,4000,234,N/A,N/A,N/A,N/A,3999.5,0.0
0,29200,STRAWBERRIES,3999,53,3998.0,175.0,N/A,N/A,4000,228,N/A,N/A,N/A,N/A,3999.5,0.0
0,29300,STRAWBERRIES,3999,83,3998.0,179.0,N/A,N/A,4000,262,N/A,N/A,N/A,N/A,3999.5,0.0
0,29400,STRAWBERRIES,3999,218,N/A,N/A,N/A,N/A,4000,218,N/A,N/A,N/A,N/A,3999.5,0.0
0,29500,STRAWBERRIES,3999,184,N/A,N/A,N/A,N/A,4000,184,N/A,N/A,N/A,N/A,3999.5,0.0
0,29600,STRAWBERRIES,3998,241,N/A,N/A,N/A,N/A,4000,248,N/A,N/A,N/A,N/A,3999.0,0.0
0,29700,STRAWBERRIES,3998,245,N/A,N/A,N/A,N/A,4000,245,N/A,N/A,N/A,N/A,3999.0,0.0
0,29800,STRAWBERRIES,3998,250,N/A,N/A,N/A,N/A,3999,50,4000.0,200.0,N/A,N/A,3998.5,0.0
0,29900,STRAWBERRIES,3998,60,3997.0,150.0,N/A,N/A,3999,210,N/A,N/A,N/A,N/A,3998.5,0.0
0,30000,STRAWBERRIES,3998,79,3997.0,100.0,N/A,N/A,3999,179,N/A,N/A,N/A,N/A,3998.5,0.0
0,30100,STRAWBERRIES,3997,242,N/A,N/A,N/A,N/A,3998,242,N/A,N/A,N/A,N/A,3997.5,0.0
0,30200,STRAWBERRIES,3997,264,N/A,N/A,N/A,N/A,3999,264,N/A,N/A,N/A,N/A,3998.0,0.0
0,30300,STRAWBERRIES,3997,201,N/A,N/A,N/A,N/A,3998,65,3999.0,130.0,N/A,N/A,3997.5,0.0
0,30400,STRAWBERRIES,3997,272,N/A,N/A,N/A,N/A,3999,272,N/A,N/A,N/A,N/A,3998.0,0.0
0,30500,STRAWBERRIES,3997,204,N/A,N/A,N/A,N/A,3999,204,N/A,N/A,N/A,N/A,3998.0,0.0
0,30600,STRAWBERRIES,3997,194,N/A,N/A,N/A,N/A,3999,194,N/A,N/A,N/A,N/A,3998.0,0.0
0,30700,STRAWBERRIES,3997,248,N/A,N/A,N/A,N/A,3998,248,N/A,N/A,N/A,N/A,3997.5,0.0
0,30800,STRAWBERRIES,3997,239,N/A,N/A,N/A,N/A,3998,239,N/A,N/A,N/A,N/A,3997.5,0.0
0,30900,STRAWBERRIES,3997,202,N/A,N/A,N/A,N/A,3999,202,N/A,N/A,N/A,N/A,3998.0,0.0
0,31000,STRAWBERRIES,3997,224,N/A,N/A,N/A,N/A,3998,224,N/A,N/A,N/A,N/A,3997.5,0.0
0,31100,STRAWBERRIES,3997,207,N/A,N/A,N/A,N/A,3999,207,N/A,N/A,N/A,N/A,3998.0,0.0
0,31200,STRAWBERRIES,3998,6,3997.0,222.0,N/A,N/A,3999,222,N/A,N/A,N/A,N/A,3998.5,0.0
0,31300,STRAWBERRIES,3997,160,N/A,N/A,N/A,N/A,3999,160,N/A,N/A,N/A,N/A,3998.0,0.0
0,31400,STRAWBERRIES,3998,96,3997.0,136.0,N/A,N/A,3999,232,N/A,N/A,N/A,N/A,3998.5,0.0
0,31500,STRAWBERRIES,3998,250,N/A,N/A,N/A,N/A,3999,250,N/A,N/A,N/A,N/A,3998.5,0.0
0,31600,STRAWBERRIES,3998,7,3997.0,168.0,N/A,N/A,3999,168,N/A,N/A,N/A,N/A,3998.5,0.0
0,31700,STRAWBERRIES,3998,75,3997.0,171.0,N/A,N/A,3999,246,N/A,N/A,N/A,N/A,3998.5,0.0
0,31800,STRAWBERRIES,3997,192,N/A,N/A,N/A,N/A,3999,192,N/A,N/A,N/A,N/A,3998.0,0.0
0,31900,STRAWBERRIES,3997,189,N/A,N/A,N/A,N/A,3999,189,N/A,N/A,N/A,N/A,3998.0,0.0
0,32000,STRAWBERRIES,3997,234,N/A,N/A,N/A,N/A,3999,234,N/A,N/A,N/A,N/A,3998.0,0.0
0,32100,STRAWBERRIES,3997,95,3996.0,191.0,N/A,N/A,3998,286,N/A,N/A,N/A,N/A,3997.5,0.0
0,32200,STRAWBERRIES,3996,260,N/A,N/A,N/A,N/A,3998,260,N/A,N/A,N/A,N/A,3997.0,0.0
0,32300,STRAWBERRIES,3997,63,3996.0,108.0,N/A,N/A,3998,171,N/A,N/A,N/A,N/A,3997.5,0.0
0,32400,STRAWBERRIES,3996,193,N/A,N/A,N/A,N/A,3997,58,3998.0,135.0,N/A,N/A,3996.5,0.0
0,32500,STRAWBERRIES,3997,69,3996.0,113.0,N/A,N/A,3998,182,N/A,N/A,N/A,N/A,3997.5,0.0
0,32600,STRAWBERRIES,3997,68,3996.0,110.0,N/A,N/A,3998,178,N/A,N/A,N/A,N/A,3997.5,0.0
0,32700,STRAWBERRIES,3997,206,N/A,N/A,N/A,N/A,3998,206,N/A,N/A,N/A,N/A,3997.5,0.0
0,32800,STRAWBERRIES,3997,210,N/A,N/A,N/A,N/A,3998,62,3999.0,148.0,N/A,N/A,3997.5,0.0
0,32900,STRAWBERRIES,3997,229,N/A,N/A,N/A,N/A,3999,229,N/A,N/A,N/A,N/A,3998.0,0.0
0,33000,STRAWBERRIES,3997,243,N/A,N/A,N/A,N/A,3999,243,N/A,N/A,N/A,N/A,3998.0,0.0
0,33100,STRAWBERRIES,3997,190,N/A,N/A,N/A,N/A,3998,190,N/A,N/A,N/A,N/A,3997.5,0.0
0,33200,STRAWBERRIES,3996,189,N/A,N/A,N/A,N/A,3998,189,N/A,N/A,N/A,N/A,3997.0,0.0
0,33300,STRAWBERRIES,3997,60,3996.0,185.0,N/A,N/A,3998,245,N/A,N/A,N/A,N/A,3997.5,0.0
0,33400,STRAWBERRIES,3996,220,N/A,N/A,N/A,N/A,3998,220,N/A,N/A,N/A,N/A,3997.0,0.0
0,33500,STRAWBERRIES,3996,283,N/A,N/A,N/A,N/A,3998,283,N/A,N/A,N/A,N/A,3997.0,0.0
0,33600,STRAWBERRIES,3996,184,N/A,N/A,N/A,N/A,3998,184,N/A,N/A,N/A,N/A,3997.0,0.0
0,33700,STRAWBERRIES,3997,289,N/A,N/A,N/A,N/A,3998,289,N/A,N/A,N/A,N/A,3997.5,0.0
0,33800,STRAWBERRIES,3997,77,3996.0,183.0,N/A,N/A,3998,260,N/A,N/A,N/A,N/A,3997.5,0.0
0,33900,STRAWBERRIES,3996,150,N/A,N/A,N/A,N/A,3997,155,N/A,N/A,N/A,N/A,3996.5,0.0
0,34000,STRAWBERRIES,3996,168,N/A,N/A,N/A,N/A,3998,168,N/A,N/A,N/A,N/A,3997.0,0.0
0,34100,STRAWBERRIES,3996,210,N/A,N/A,N/A,N/A,3998,210,N/A,N/A,N/A,N/A,3997.0,0.0
0,34200,STRAWBERRIES,3996,76,3995.0,179.0,N/A,N/A,3997,255,N/A,N/A,N/A,N/A,3996.5,0.0
0,34300,STRAWBERRIES,3995,255,N/A,N/A,N/A,N/A,3997,255,N/A,N/A,N/A,N/A,3996.0,0.0
0,34400,STRAWBERRIES,3996,215,N/A,N/A,N/A,N/A,3998,215,N/A,N/A,N/A,N/A,3997.0,0.0
0,34500,STRAWBERRIES,3996,159,N/A,N/A,N/A,N/A,3997,159,N/A,N/A,N/A,N/A,3996.5,0.0
0,34600,STRAWBERRIES,3996,260,N/A,N/A,N/A,N/A,3998,260,N/A,N/A,N/A,N/A,3997.0,0.0
0,34700,STRAWBERRIES,3996,258,N/A,N/A,N/A,N/A,3997,85,3998.0,173.0,N/A,N/A,3996.5,0.0
0,34800,STRAWBERRIES,3995,216,N/A,N/A,N/A,N/A,3997,216,N/A,N/A,N/A,N/A,3996.0,0.0
0,34900,STRAWBERRIES,3995,197,N/A,N/A,N/A,N/A,3997,197,N/A,N/A,N/A,N/A,3996.0,0.0
0,35000,STRAWBERRIES,3995,188,N/A,N/A,N/A,N/A,3997,188,N/A,N/A,N/A,N/A,3996.0,0.0
0,35100,STRAWBERRIES,3996,268,N/A,N/A,N/A,N/A,3997,268,N/A,N/A,N/A,N/A,3996.5,0.0
0,35200,STRAWBERRIES,3996,85,3995.0,147.0,N/A,N/A,3997,227,N/A,N/A,N/A,N/A,3996.5,0.0
0,35300,STRAWBERRIES,3996,247,N/A,N/A,N/A,N/A,3998,247,N/A,N/A,N/A,N/A,3997.0,0.0
0,35400,STRAWBERRIES,3996,231,N/A,N/A,N/A,N/A,3998,231,N/A,N/A,N/A,N/A,3997.0,0.0
0,35500,STRAWBERRIES,3996,86,3995.0,119.0,N/A,N/A,3997,205,N/A,N/A,N/A,N/A,3996.5,0.0
0,35600,STRAWBERRIES,3996,168,N/A,N/A,N/A,N/A,3997,179,N/A,N/A,N/A,N/A,3996.5,0.0
0,35700,STRAWBERRIES,3995,251,N/A,N/A,N/A,N/A,3997,251,N/A,N/A,N/A,N/A,3996.0,0.0
0,35800,STRAWBERRIES,3995,255,N/A,N/A,N/A,N/A,3997,255,N/A,N/A,N/A,N/A,3996.0,0.0
0,35900,STRAWBERRIES,3995,268,N/A,N/A,N/A,N/A,3997,268,N/A,N/A,N/A,N/A,3996.0,0.0
0,36000,STRAWBERRIES,3995,237,N/A,N/A,N/A,N/A,3997,237,N/A,N/A,N/A,N/A,3996.0,0.0
0,36100,STRAWBERRIES,3996,51,3995.0,175.0,N/A,N/A,3997,226,N/A,N/A,N/A,N/A,3996.5,0.0
0,36200,STRAWBERRIES,3995,206,N/A,N/A,N/A,N/A,3997,206,N/A,N/A,N/A,N/A,3996.0,0.0
0,36300,STRAWBERRIES,3996,190,N/A,N/A,N/A,N/A,3997,190,N/A,N/A,N/A,N/A,3996.5,0.0
0,36400,STRAWBERRIES,3996,244,N/A,N/A,N/A,N/A,3997,244,N/A,N/A,N/A,N/A,3996.5,0.0
0,36500,STRAWBERRIES,3996,83,3995.0,186.0,N/A,N/A,3997,269,N/A,N/A,N/A,N/A,3996.5,0.0
0,36600,STRAWBERRIES,3996,59,3995.0,133.0,N/A,N/A,3997,192,N/A,N/A,N/A,N/A,3996.5,0.0
0,36700,STRAWBERRIES,3995,255,N/A,N/A,N/A,N/A,3996,81,3997.0,174.0,N/A,N/A,3995.5,0.0
0,36800,STRAWBERRIES,3994,181,N/A,N/A,N/A,N/A,3996,181,N/A,N/A,N/A,N/A,3995.0,0.0
0,36900,STRAWBERRIES,3995,57,3994.0,104.0,N/A,N/A,3996,161,N/A,N/A,N/A,N/A,3995.5,0.0
0,37000,STRAWBERRIES,3995,54,3994.0,122.0,N/A,N/A,3996,176,N/A,N/A,N/A,N/A,3995.5,0.0
0,37100,STRAWBERRIES,3995,170,N/A,N/A,N/A,N/A,3996,70,3997.0,100.0,N/A,N/A,3995.5,0.0
0,37200,STRAWBERRIES,3995,265,N/A,N/A,N/A,N/A,3997,265,N/A,N/A,N/A,N/A,3996.0,0.0
0,37300,STRAWBERRIES,3995,244,N/A,N/A,N/A,N/A,3996,244,N/A,N/A,N/A,N/A,3995.5,0.0
0,37400,STRAWBERRIES,3995,276,N/A,N/A,N/A,N/A,3997,276,N/A,N/A,N/A,N/A,3996.0,0.0
0,37500,STRAWBERRIES,3995,252,N/A,N/A,N/A,N/A,3997,252,N/A,N/A,N/A,N/A,3996.0,0.0
0,37600,STRAWBERRIES,3995,58,3994.0,110.0,N/A,N/A,3996,168,N/A,N/A,N/A,N/A,3995.5,0.0
0,37700,STRAWBERRIES,3995,183,N/A,N/A,N/A,N/A,3996,183,N/A,N/A,N/A,N/A,3995.5,0.0
0,37800,STRAWBERRIES,3995,226,N/A,N/A,N/A,N/A,3997,226,N/A,N/A,N/A,N/A,3996.0,0.0
0,37900,STRAWBERRIES,3996,233,N/A,N/A,N/A,N/A,3997,233,N/A,N/A,N/A,N/A,3996.5,0.0
0,38000,STRAWBERRIES,3996,227,N/A,N/A,N/A,N/A,3998,227,N/A,N/A,N/A,N/A,3997.0,0.0
0,38100,STRAWBERRIES,3996,189,N/A,N/A,N/A,N/A,3998,189,N/A,N/A,N/A,N/A,3997.0,0.0
0,38200,STRAWBERRIES,3996,231,N/A,N/A,N/A,N/A,3997,96,3998.0,135.0,N/A,N/A,3996.5,0.0
0,38300,STRAWBERRIES,3996,197,N/A,N/A,N/A,N/A,3998,197,N/A,N/A,N/A,N/A,3997.0,0.0
0,38400,STRAWBERRIES,3996,253,N/A,N/A,N/A,N/A,3998,253,N/A,N/A,N/A,N/A,3997.0,0.0
0,38500,STRAWBERRIES,3996,267,N/A,N/A,N/A,N/A,3997,267,N/A,N/A,N/A,N/A,3996.5,0.0
0,38600,STRAWBERRIES,3997,204,N/A,N/A,N/A,N/A,3999,204,N/A,N/A,N/A,N/A,3998.0,0.0
0,38700,STRAWBERRIES,3997,199,N/A,N/A,N/A,N/A,3999,199,N/A,N/A,N/A,N/A,3998.0,0.0
0,38800,STRAWBERRIES,3998,61,3997.0,172.0,N/A,N/A,3999,233,N/A,N/A,N/A,N/A,3998.5,0.0
0,38900,STRAWBERRIES,3998,51,3997.0,134.0,N/A,N/A,3999,185,N/A,N/A,N/A,N/A,3998.5,0.0
0,39000,STRAWBERRIES,3998,263,N/A,N/A,N/A,N/A,3999,263,N/A,N/A,N/A,N/A,3998.5,0.0
0,39100,STRAWBERRIES,3997,240,N/A,N/A,N/A,N/A,3999,240,N/A,N/A,N/A,N/A,3998.0,0.0
0,39200,STRAWBERRIES,3997,199,N/A,N/A,N/A,N/A,3999,199,N/A,N/A,N/A,N/A,3998.0,0.0
0,39300,STRAWBERRIES,3997,245,N/A,N/A,N/A,N/A,3999,245,N/A,N/A,N/A,N/A,3998.0,0.0
0,39400,STRAWBERRIES,3997,258,N/A,N/A,N/A,N/A,3999,258,N/A,N/A,N/A,N/A,3998.0,0.0
0,39500,STRAWBERRIES,3997,286,N/A,N/A,N/A,N/A,3998,286,N/A,N/A,N/A,N/A,3997.5,0.0
0,39600,STRAWBERRIES,3998,258,N/A,N/A,N/A,N/A,3999,71,4000.0,179.0,N/A,N/A,3998.5,0.0
0,39700,STRAWBERRIES,3998,241,N/A,N/A,N/A,N/A,3999,241,N/A,N/A,N/A,N/A,3998.5,0.0
0,39800,STRAWBERRIES,3998,158,N/A,N/A,N/A,N/A,3999,158,N/A,N/A,N/A,N/A,3998.5,0.0
0,39900,STRAWBERRIES,3999,69,3998.0,154.0,N/A,N/A,4000,223,N/A,N/A,N/A,N/A,3999.5,0.0
0,40000,STRAWBERRIES,3998,254,N/A,N/A,N/A,N/A,4000,254,N/A,N/A,N/A,N/A,3999.0,0.0
0,40100,STRAWBERRIES,3999,225,N/A,N/A,N/A,N/A,4000,57,4001.0,168.0,N/A,N/A,3999.5,0.0
0,40200,STRAWBERRIES,3999,41,3998.0,174.0,N/A,N/A,4000,226,N/A,N/A,N/A,N/A,3999.5,0.0
0,40300,STRAWBERRIES,3999,195,N/A,N/A,N/A,N/A,4000,195,N/A,N/A,N/A,N/A,3999.5,0.0
0,40400,STRAWBERRIES,3999,188,N/A,N/A,N/A,N/A,4000,188,N/A,N/A,N/A,N/A,3999.5,0.0
0,40500,STRAWBERRIES,3998,189,N/A,N/A,N/A,N/A,4000,189,N/A,N/A,N/A,N/A,3999.0,0.0
0,40600,STRAWBERRIES,3998,200,N/A,N/A,N/A,N/A,4000,200,N/A,N/A,N/A,N/A,3999.0,0.0
0,40700,STRAWBERRIES,3998,238,N/A,N/A,N/A,N/A,3999,81,4000.0,157.0,N/A,N/A,3998.5,0.0
0,40800,STRAWBERRIES,3998,261,N/A,N/A,N/A,N/A,3999,261,N/A,N/A,N/A,N/A,3998.5,0.0
0,40900,STRAWBERRIES,3998,70,3997.0,146.0,N/A,N/A,3999,216,N/A,N/A,N/A,N/A,3998.5,0.0
0,41000,STRAWBERRIES,3998,66,3997.0,187.0,N/A,N/A,3999,253,N/A,N/A,N/A,N/A,3998.5,0.0
0,41100,STRAWBERRIES,3997,198,N/A,N/A,N/A,N/A,3998,198,N/A,N/A,N/A,N/A,3997.5,0.0
0,41200,STRAWBERRIES,3997,269,N/A,N/A,N/A,N/A,3998,269,N/A,N/A,N/A,N/A,3997.5,0.0
0,41300,STRAWBERRIES,3997,51,3996.0,192.0,N/A,N/A,3998,243,N/A,N/A,N/A,N/A,3997.5,0.0
0,41400,STRAWBERRIES,3997,178,N/A,N/A,N/A,N/A,3998,66,3999.0,112.0,N/A,N/A,3997.5,0.0
0,41500,STRAWBERRIES,3997,191,N/A,N/A,N/A,N/A,3998,90,3999.0,101.0,N/A,N/A,3997.5,0.0
0,41600,STRAWBERRIES,3997,165,N/A,N/A,N/A,N/A,3998,165,N/A,N/A,N/A,N/A,3997.5,0.0
0,41700,STRAWBERRIES,3997,193,N/A,N/A,N/A,N/A,3998,56,3999.0,141.0,N/A,N/A,3997.5,0.0
0,41800,STRAWBERRIES,3997,73,3996.0,126.0,N/A,N/A,3998,206,N/A,N/A,N/A,N/A,3997.5,0.0
0,41900,STRAWBERRIES,3996,270,N/A,N/A,N/A,N/A,3998,270,N/A,N/A,N/A,N/A,3997.0,0.0
0,42000,STRAWBERRIES,3997,246,N/A,N/A,N/A,N/A,3998,246,N/A,N/A,N/A,N/A,3997.5,0.0
0,42100,STRAWBERRIES,3997,63,3996.0,114.0,N/A,N/A,3998,177,N/A,N/A,N/A,N/A,3997.5,0.0
0,42200,STRAWBERRIES,3997,55,3996.0,195.0,N/A,N/A,3998,250,N/A,N/A,N/A,N/A,3997.5,0.0
0,42300,STRAWBERRIES,3997,52,3996.0,190.0,N/A,N/A,3998,242,N/A,N/A,N/A,N/A,3997.5,0.0
0,42400,STRAWBERRIES,3997,87,3996.0,178.0,N/A,N/A,3998,265,N/A,N/A,N/A,N/A,3997.5,0.0
0,42500,STRAWBERRIES,3996,272,N/A,N/A,N/A,N/A,3998,272,N/A,N/A,N/A,N/A,3997.0,0.0
0,42600,STRAWBERRIES,3996,198,N/A,N/A,N/A,N/A,3998,198,N/A,N/A,N/A,N/A,3997.0,0.0
0,42700,STRAWBERRIES,3996,247,N/A,N/A,N/A,N/A,3998,247,N/A,N/A,N/A,N/A,3997.0,0.0
0,42800,STRAWBERRIES,3996,208,N/A,N/A,N/A,N/A,3998,208,N/A,N/A,N/A,N/A,3997.0,0.0
0,42900,STRAWBERRIES,3996,206,N/A,N/A,N/A,N/A,3997,59,3998.0,147.0,N/A,N/A,3996.5,0.0
0,43000,STRAWBERRIES,3996,55,3995.0,188.0,N/A,N/A,3997,240,N/A,N/A,N/A,N/A,3996.5,0.0
0,43100,STRAWBERRIES,3996,258,N/A,N/A,N/A,N/A,3997,258,N/A,N/A,N/A,N/A,3996.5,0.0
0,43200,STRAWBERRIES,3996,60,3995.0,101.0,N/A,N/A,3997,161,N/A,N/A,N/A,N/A,3996.5,0.0
0,43300,STRAWBERRIES,3996,66,3995.0,190.0,N/A,N/A,3997,256,N/A,N/A,N/A,N/A,3996.5,0.0
0,43400,STRAWBERRIES,3996,182,N/A,N/A,N/A,N/A,3997,64,3998.0,118.0,N/A,N/A,3996.5,0.0
0,43500,STRAWBERRIES,3995,201,N/A,N/A,N/A,N/A,3997,201,N/A,N/A,N/A,N/A,3996.0,0.0
0,43600,STRAWBERRIES,3995,74,3994.0,120.0,N/A,N/A,3996,194,N/A,N/A,N/A,N/A,3995.5,0.0
0,43700,STRAWBERRIES,3995,246,N/A,N/A,N/A,N/A,3997,246,N/A,N/A,N/A,N/A,3996.0,0.0
0,43800,STRAWBERRIES,3995,207,N/A,N/A,N/A,N/A,3996,207,N/A,N/A,N/A,N/A,3995.5,0.0
0,43900,STRAWBERRIES,3995,70,3994.0,123.0,N/A,N/A,3996,183,N/A,N/A,N/A,N/A,3995.5,0.0
0,44000,STRAWBERRIES,3994,253,N/A,N/A,N/A,N/A,3996,253,N/A,N/A,N/A,N/A,3995.0,0.0
0,44100,STRAWBERRIES,3994,222,N/A,N/A,N/A,N/A,3996,222,N/A,N/A,N/A,N/A,3995.0,0.0
0,44200,STRAWBERRIES,3994,243,N/A,N/A,N/A,N/A,3996,243,N/A,N/A,N/A,N/A,3995.0,0.0
0,44300,STRAWBERRIES,3995,76,3994.0,138.0,N/A,N/A,3996,214,N/A,N/A,N/A,N/A,3995.5,0.0
0,44400,STRAWBERRIES,3994,212,N/A,N/A,N/A,N/A,3996,212,N/A,N/A,N/A,N/A,3995.0,0.0
0,44500,STRAWBERRIES,3994,179,N/A,N/A,N/A,N/A,3996,179,N/A,N/A,N/A,N/A,3995.0,0.0
0,44600,STRAWBERRIES,3995,59,3994.0,179.0,N/A,N/A,3996,238,N/A,N/A,N/A,N/A,3995.5,0.0
0,44700,STRAWBERRIES,3994,192,N/A,N/A,N/A,N/A,3996,192,N/A,N/A,N/A,N/A,3995.0,0.0
0,44800,STRAWBERRIES,3995,94,3994.0,193.0,N/A,N/A,3996,287,N/A,N/A,N/A,N/A,3995.5,0.0
0,44900,STRAWBERRIES,3994,284,N/A,N/A,N/A,N/A,3996,284,N/A,N/A,N/A,N/A,3995.0,0.0
0,45000,STRAWBERRIES,3995,76,3994.0,154.0,N/A,N/A,3996,230,N/A,N/A,N/A,N/A,3995.5,0.0
0,45100,STRAWBERRIES,3995,84,3994.0,100.0,N/A,N/A,3996,184,N/A,N/A,N/A,N/A,3995.5,0.0
0,45200,STRAWBERRIES,3995,244,N/A,N/A,N/A,N/A,3996,77,3997.0,167.0,N/A,N/A,3995.5,0.0
0,45300,STRAWBERRIES,3994,225,N/A,N/A,N/A,N/A,3995,8,3996.0,225.0,N/A,N/A,3994.5,0.0
0,45400,STRAWBERRIES,3994,232,N/A,N/A,N/A,N/A,3995,94,3996.0,138.0,N/A,N/A,3994.5,0.0
0,45500,STRAWBERRIES,3994,168,N/A,N/A,N/A,N/A,3996,168,N/A,N/A,N/A,N/A,3995.0,0.0
0,45600,STRAWBERRIES,3995,92,3994.0,154.0,N/A,N/A,3996,246,N/A,N/A,N/A,N/A,3995.5,0.0
0,45700,STRAWBERRIES,3994,231,N/A,N/A,N/A,N/A,3996,231,N/A,N/A,N/A,N/A,3995.0,0.0
0,45800,STRAWBERRIES,3994,185,N/A,N/A,N/A,N/A,3995,56,3996.0,129.0,N/A,N/A,3994.5,0.0
0,45900,STRAWBERRIES,3994,251,N/A,N/A,N/A,N/A,3996,251,N/A,N/A,N/A,N/A,3995.0,0.0
0,46000,STRAWBERRIES,3994,216,N/A,N/A,N/A,N/A,3996,216,N/A,N/A,N/A,N/A,3995.0,0.0
0,46100,STRAWBERRIES,3994,274,N/A,N/A,N/A,N/A,3996,274,N/A,N/A,N/A,N/A,3995.0,0.0
0,46200,STRAWBERRIES,3994,178,N/A,N/A,N/A,N/A,3995,9,3996.0,178.0,N/A,N/A,3994.5,0.0
0,46300,STRAWBERRIES,3995,187,N/A,N/A,N/A,N/A,3996,187,N/A,N/A,N/A,N/A,3995.5,0.0
0,46400,STRAWBERRIES,3995,267,N/A,N/A,N/A,N/A,3996,79,3997.0,188.0,N/A,N/A,3995.5,0.0
0,46500,STRAWBERRIES,3995,250,N/A,N/A,N/A,N/A,3996,59,3997.0,191.0,N/A,N/A,3995.5,0.0
0,46600,STRAWBERRIES,3995,289,N/A,N/A,N/A,N/A,3997,289,N/A,N/A,N/A,N/A,3996.0,0.0
0,46700,STRAWBERRIES,3995,220,N/A,N/A,N/A,N/A,3997,220,N/A,N/A,N/A,N/A,3996.0,0.0
0,46800,STRAWBERRIES,3995,210,N/A,N/A,N/A,N/A,3997,210,N/A,N/A,N/A,N/A,3996.0,0.0
0,46900,STRAWBERRIES,3995,251,N/A,N/A,N/A,N/A,3996,94,3997.0,157.0,N/A,N/A,3995.5,0.0
0,47000,STRAWBERRIES,3995,200,N/A,N/A,N/A,N/A,3996,200,N/A,N/A,N/A,N/A,3995.5,0.0
0,47100,STRAWBERRIES,3995,261,N/A,N/A,N/A,N/A,3997,261,N/A,N/A,N/A,N/A,3996.0,0.0
0,47200,STRAWBERRIES,3994,222,N/A,N/A,N/A,N/A,3995,222,N/A,N/A,N/A,N/A,3994.5,0.0
0,47300,STRAWBERRIES,3994,224,N/A,N/A,N/A,N/A,3995,224,N/A,N/A,N/A,N/A,3994.5,0.0
0,47400,STRAWBERRIES,3994,63,3993.0,161.0,N/A,N/A,3995,224,N/A,N/A,N/A,N/A,3994.5,0.0
0,47500,STRAWBERRIES,3994,252,N/A,N/A,N/A,N/A,3995,252,N/A,N/A,N/A,N/A,3994.5,0.0
0,47600,STRAWBERRIES,3994,210,N/A,N/A,N/A,N/A,3996,210,N/A,N/A,N/A,N/A,3995.0,0.0
0,47700,STRAWBERRIES,3995,69,3994.0,176.0,N/A,N/A,3996,245,N/A,N/A,N/A,N/A,3995.5,0.0
0,47800,STRAWBERRIES,3994,231,N/A,N/A,N/A,N/A,3996,231,N/A,N/A,N/A,N/A,3995.0,0.0
0,47900,STRAWBERRIES,3994,223,N/A,N/A,N/A,N/A,3996,223,N/A,N/A,N/A,N/A,3995.0,0.0
0,48000,STRAWBERRIES,3995,78,3994.0,111.0,N/A,N/A,3996,189,N/A,N/A,N/A,N/A,3995.5,0.0
0,48100,STRAWBERRIES,3994,207,N/A,N/A,N/A,N/A,3995,58,3996.0,149.0,N/A,N/A,3994.5,0.0
0,48200,STRAWBERRIES,3994,253,N/A,N/A,N/A,N/A,3995,69,3996.0,184.0,N/A,N/A,3994.5,0.0
0,48300,STRAWBERRIES,3994,284,N/A,N/A,N/A,N/A,3995,97,3996.0,187.0,N/A,N/A,3994.5,0.0
0,48400,STRAWBERRIES,3994,213,N/A,N/A,N/A,N/A,3996,213,N/A,N/A,N/A,N/A,3995.0,0.0
0,48500,STRAWBERRIES,3994,198,N/A,N/A,N/A,N/A,3995,198,N/A,N/A,N/A,N/A,3994.5,0.0
0,48600,STRAWBERRIES,3994,287,N/A,N/A,N/A,N/A,3995,87,3996.0,200.0,N/A,N/A,3994.5,0.0
0,48700,STRAWBERRIES,3994,253,N/A,N/A,N/A,N/A,3995,247,N/A,N/A,N/A,N/A,3994.5,0.0
0,48800,STRAWBERRIES,3994,88,3993.0,102.0,N/A,N/A,3995,190,N/A,N/A,N/A,N/A,3994.5,0.0
0,48900,STRAWBERRIES,3993,220,N/A,N/A,N/A,N/A,3995,220,N/A,N/A,N/A,N/A,3994.0,0.0
0,49000,STRAWBERRIES,3992,279,N/A,N/A,N/A,N/A,3994,279,N/A,N/A,N/A,N/A,3993.0,0.0
0,49100,STRAWBERRIES,3992,271,N/A,N/A,N/A,N/A,3994,271,N/A,N/A,N/A,N/A,3993.0,0.0
0,49200,STRAWBERRIES,3992,205,N/A,N/A,N/A,N/A,3994,205,N/A,N/A,N/A,N/A,3993.0,0.0
0,49300,STRAWBERRIES,3992,227,N/A,N/A,N/A,N/A,3993,57,3994.0,170.0,N/A,N/A,3992.5,0.0
0,49400,STRAWBERRIES,3991,186,N/A,N/A,N/A,N/A,3993,186,N/A,N/A,N/A,N/A,3992.0,0.0
0,49500,STRAWBERRIES,3992,230,N/A,N/A,N/A,N/A,3993,230,N/A,N/A,N/A,N/A,3992.5,0.0
0,49600,STRAWBERRIES,3992,207,N/A,N/A,N/A,N/A,3993,93,3994.0,114.0,N/A,N/A,3992.5,0.0
0,49700,STRAWBERRIES,3992,223,N/A,N/A,N/A,N/A,3993,223,N/A,N/A,N/A,N/A,3992.5,0.0
0,49800,STRAWBERRIES,3992,262,N/A,N/A,N/A,N/A,3994,262,N/A,N/A,N/A,N/A,3993.0,0.0
0,49900,STRAWBERRIES,3991,232,N/A,N/A,N/A,N/A,3993,232,N/A,N/A,N/A,N/A,3992.0,0.0
0,50000,STRAWBERRIES,3992,259,N/A,N/A,N/A,N/A,3994,259,N/A,N/A,N/A,N/A,3993.0,0.0
0,50100,STRAWBERRIES,3992,238,N/A,N/A,N/A,N/A,3993,68,3994.0,170.0,N/A,N/A,3992.5,0.0
0,50200,STRAWBERRIES,3992,206,N/A,N/A,N/A,N/A,3993,71,3994.0,145.0,N/A,N/A,3992.5,0.0
0,50300,STRAWBERRIES,3992,88,3991.0,199.0,N/A,N/A,3993,287,N/A,N/A,N/A,N/A,3992.5,0.0
0,50400,STRAWBERRIES,3992,56,3991.0,192.0,N/A,N/A,3993,248,N/A,N/A,N/A,N/A,3992.5,0.0
0,50500,STRAWBERRIES,3991,212,N/A,N/A,N/A,N/A,3993,212,N/A,N/A,N/A,N/A,3992.0,0.0
0,50600,STRAWBERRIES,3991,252,N/A,N/A,N/A,N/A,3992,96,3993.0,156.0,N/A,N/A,3991.5,0.0
0,50700,STRAWBERRIES,3991,251,N/A,N/A,N/A,N/A,3992,251,N/A,N/A,N/A,N/A,3991.5,0.0
0,50800,STRAWBERRIES,3990,169,N/A,N/A,N/A,N/A,3992,169,N/A,N/A,N/A,N/A,3991.0,0.0
0,50900,STRAWBERRIES,3990,228,N/A,N/A,N/A,N/A,3991,58,3992.0,158.0,N/A,N/A,3990.5,0.0
0,51000,STRAWBERRIES,3990,229,N/A,N/A,N/A,N/A,3992,229,N/A,N/A,N/A,N/A,3991.0,0.0
0,51100,STRAWBERRIES,3990,244,N/A,N/A,N/A,N/A,3991,80,3992.0,164.0,N/A,N/A,3990.5,0.0
0,51200,STRAWBERRIES,3990,187,N/A,N/A,N/A,N/A,3991,187,N/A,N/A,N/A,N/A,3990.5,0.0
0,51300,STRAWBERRIES,3990,243,N/A,N/A,N/A,N/A,3991,243,N/A,N/A,N/A,N/A,3990.5,0.0
0,51400,STRAWBERRIES,3990,205,N/A,N/A,N/A,N/A,3991,205,N/A,N/A,N/A,N/A,3990.5,0.0
0,51500,STRAWBERRIES,3990,173,N/A,N/A,N/A,N/A,3991,173,N/A,N/A,N/A,N/A,3990.5,0.0
0,51600,STRAWBERRIES,3989,251,N/A,N/A,N/A,N/A,3991,251,N/A,N/A,N/A,N/A,3990.0,0.0
0,51700,STRAWBERRIES,3990,100,3989.0,199.0,N/A,N/A,3991,299,N/A,N/A,N/A,N/A,3990.5,0.0
0,51800,STRAWBERRIES,3990,78,3989.0,148.0,N/A,N/A,3991,226,N/A,N/A,N/A,N/A,3990.5,0.0
0,51900,STRAWBERRIES,3990,240,N/A,N/A,N/A,N/A,3991,65,3992.0,175.0,N/A,N/A,3990.5,0.0
0,52000,STRAWBERRIES,3990,213,N/A,N/A,N/A,N/A,3991,213,N/A,N/A,N/A,N/A,3990.5,0.0
0,52100,STRAWBERRIES,3990,283,N/A,N/A,N/A,N/A,3991,96,3992.0,187.0,N/A,N/A,3990.5,0.0
0,52200,STRAWBERRIES,3990,218,N/A,N/A,N/A,N/A,3992,218,N/A,N/A,N/A,N/A,3991.0,0.0
0,52300,STRAWBERRIES,3990,254,N/A,N/A,N/A,N/A,3992,254,N/A,N/A,N/A,N/A,3991.0,0.0
0,52400,STRAWBERRIES,3990,91,3989.0,170.0,N/A,N/A,3991,261,N/A,N/A,N/A,N/A,3990.5,0.0
0,52500,STRAWBERRIES,3990,239,N/A,N/A,N/A,N/A,3991,88,3992.0,151.0,N/A,N/A,3990.5,0.0
0,52600,STRAWBERRIES,3990,213,N/A,N/A,N/A,N/A,3991,54,3992.0,159.0,N/A,N/A,3990.5,0.0
0,52700,STRAWBERRIES,3991,104,3990.0,125.0,N/A,N/A,3992,220,N/A,N/A,N/A,N/A,3991.5,0.0
0,52800,STRAWBERRIES,3991,83,3990.0,200.0,N/A,N/A,3992,283,N/A,N/A,N/A,N/A,3991.5,0.0
0,52900,STRAWBERRIES,3990,198,N/A,N/A,N/A,N/A,3991,53,3992.0,145.0,N/A,N/A,3990.5,0.0
0,53000,STRAWBERRIES,3990,86,3989.0,158.0,N/A,N/A,3991,244,N/A,N/A,N/A,N/A,3990.5,0.0
0,53100,STRAWBERRIES,3989,181,N/A,N/A,N/A,N/A,3991,181,N/A,N/A,N/A,N/A,3990.0,0.0
0,53200,STRAWBERRIES,3989,263,N/A,N/A,N/A,N/A,3991,263,N/A,N/A,N/A,N/A,3990.0,0.0
0,53300,STRAWBERRIES,3989,250,N/A,N/A,N/A,N/A,3991,250,N/A,N/A,N/A,N/A,3990.0,0.0
0,53400,STRAWBERRIES,3989,230,N/A,N/A,N/A,N/A,3990,64,3991.0,177.0,N/A,N/A,3989.5,0.0
0,53500,STRAWBERRIES,3989,206,N/A,N/A,N/A,N/A,3990,206,N/A,N/A,N/A,N/A,3989.5,0.0
0,53600,STRAWBERRIES,3989,95,3988.0,150.0,N/A,N/A,3990,245,N/A,N/A,N/A,N/A,3989.5,0.0
0,53700,STRAWBERRIES,3988,254,N/A,N/A,N/A,N/A,3990,254,N/A,N/A,N/A,N/A,3989.0,0.0
0,53800,STRAWBERRIES,3989,89,3988.0,114.0,N/A,N/A,3990,195,N/A,N/A,N/A,N/A,3989.5,0.0
0,53900,STRAWBERRIES,3988,216,N/A,N/A,N/A,N/A,3990,216,N/A,N/A,N/A,N/A,3989.0,0.0
0,54000,STRAWBERRIES,3989,262,N/A,N/A,N/A,N/A,3990,77,3991.0,185.0,N/A,N/A,3989.5,0.0
0,54100,STRAWBERRIES,3989,213,N/A,N/A,N/A,N/A,3991,213,N/A,N/A,N/A,N/A,3990.0,0.0
0,54200,STRAWBERRIES,3990,97,3989.0,114.0,N/A,N/A,3991,211,N/A,N/A,N/A,N/A,3990.5,0.0
0,54300,STRAWBERRIES,3989,242,N/A,N/A,N/A,N/A,3991,242,N/A,N/A,N/A,N/A,3990.0,0.0
0,54400,STRAWBERRIES,3989,255,N/A,N/A,N/A,N/A,3991,255,N/A,N/A,N/A,N/A,3990.0,0.0
0,54500,STRAWBERRIES,3989,251,N/A,N/A,N/A,N/A,3991,251,N/A,N/A,N/A,N/A,3990.0,0.0
0,54600,STRAWBERRIES,3989,259,N/A,N/A,N/A,N/A,3990,259,N/A,N/A,N/A,N/A,3989.5,0.0
0,54700,STRAWBERRIES,3989,171,N/A,N/A,N/A,N/A,3990,55,3991.0,116.0,N/A,N/A,3989.5,0.0
0,54800,STRAWBERRIES,3989,252,N/A,N/A,N/A,N/A,3990,252,N/A,N/A,N/A,N/A,3989.5,0.0
0,54900,STRAWBERRIES,3988,278,N/A,N/A,N/A,N/A,3990,278,N/A,N/A,N/A,N/A,3989.0,0.0
0,55000,STRAWBERRIES,3988,264,N/A,N/A,N/A,N/A,3989,78,3990.0,186.0,N/A,N/A,3988.5,0.0
0,55100,STRAWBERRIES,3988,168,N/A,N/A,N/A,N/A,3989,168,N/A,N/A,N/A,N/A,3988.5,0.0
0,55200,STRAWBERRIES,3988,261,N/A,N/A,N/A,N/A,3990,261,N/A,N/A,N/A,N/A,3989.0,0.0
0,55300,STRAWBERRIES,3988,247,N/A,N/A,N/A,N/A,3990,247,N/A,N/A,N/A,N/A,3989.0,0.0
0,55400,STRAWBERRIES,3988,238,N/A,N/A,N/A,N/A,3990,238,N/A,N/A,N/A,N/A,3989.0,0.0
0,55500,STRAWBERRIES,3989,163,N/A,N/A,N/A,N/A,3990,163,N/A,N/A,N/A,N/A,3989.5,0.0
0,55600,STRAWBERRIES,3989,83,3988.0,198.0,N/A,N/A,3990,281,N/A,N/A,N/A,N/A,3989.5,0.0
0,55700,STRAWBERRIES,3989,189,N/A,N/A,N/A,N/A,3990,189,N/A,N/A,N/A,N/A,3989.5,0.0
0,55800,STRAWBERRIES,3989,180,N/A,N/A,N/A,N/A,3990,75,3991.0,105.0,N/A,N/A,3989.5,0.0
0,55900,STRAWBERRIES,3989,215,N/A,N/A,N/A,N/A,3990,215,N/A,N/A,N/A,N/A,3989.5,0.0
0,56000,STRAWBERRIES,3989,195,N/A,N/A,N/A,N/A,3991,195,N/A,N/A,N/A,N/A,3990.0,0.0
0,56100,STRAWBERRIES,3989,231,N/A,N/A,N/A,N/A,3990,65,3991.0,159.0,N/A,N/A,3989.5,0.0
0,56200,STRAWBERRIES,3989,80,3988.0,168.0,N/A,N/A,3990,248,N/A,N/A,N/A,N/A,3989.5,0.0
0,56300,STRAWBERRIES,3988,199,N/A,N/A,N/A,N/A,3989,55,3990.0,144.0,N/A,N/A,3988.5,0.0
0,56400,STRAWBERRIES,3988,224,N/A,N/A,N/A,N/A,3989,224,N/A,N/A,N/A,N/A,3988.5,0.0
0,56500,STRAWBERRIES,3988,267,N/A,N/A,N/A,N/A,3989,267,N/A,N/A,N/A,N/A,3988.5,0.0
0,56600,STRAWBERRIES,3988,211,N/A,N/A,N/A,N/A,3989,211,N/A,N/A,N/A,N/A,3988.5,0.0
0,56700,STRAWBERRIES,3988,254,N/A,N/A,N/A,N/A,3990,254,N/A,N/A,N/A,N/A,3989.0,0.0
0,56800,STRAWBERRIES,3987,245,N/A,N/A,N/A,N/A,3989,245,N/A,N/A,N/A,N/A,3988.0,0.0
0,56900,STRAWBERRIES,3987,194,N/A,N/A,N/A,N/A,3989,194,N/A,N/A,N/A,N/A,3988.0,0.0
0,57000,STRAWBERRIES,3987,203,N/A,N/A,N/A,N/A,3989,203,N/A,N/A,N/A,N/A,3988.0,0.0
0,57100,STRAWBERRIES,3986,210,N/A,N/A,N/A,N/A,3988,210,N/A,N/A,N/A,N/A,3987.0,0.0
0,57200,STRAWBERRIES,3987,194,N/A,N/A,N/A,N/A,3988,68,3989.0,126.0,N/A,N/A,3987.5,0.0
0,57300,STRAWBERRIES,3987,63,3986.0,179.0,N/A,N/A,3988,242,N/A,N/A,N/A,N/A,3987.5,0.0
0,57400,STRAWBERRIES,3987,212,N/A,N/A,N/A,N/A,3988,220,N/A,N/A,N/A,N/A,3987.5,0.0
0,57500,STRAWBERRIES,3987,85,3986.0,108.0,N/A,N/A,3988,193,N/A,N/A,N/A,N/A,3987.5,0.0
0,57600,STRAWBERRIES,3987,251,N/A,N/A,N/A,N/A,3988,251,N/A,N/A,N/A,N/A,3987.5,0.0
0,57700,STRAWBERRIES,3987,88,3986.0,132.0,N/A,N/A,3988,220,N/A,N/A,N/A,N/A,3987.5,0.0
0,57800,STRAWBERRIES,3987,197,N/A,N/A,N/A,N/A,3989,186,N/A,N/A,N/A,N/A,3988.0,0.0
0,57900,STRAWBERRIES,3987,255,N/A,N/A,N/A,N/A,3988,255,N/A,N/A,N/A,N/A,3987.5,0.0
0,58000,STRAWBERRIES,3987,80,3986.0,133.0,N/A,N/A,3988,213,N/A,N/A,N/A,N/A,3987.5,0.0
0,58100,STRAWBERRIES,3987,87,3986.0,142.0,N/A,N/A,3988,229,N/A,N/A,N/A,N/A,3987.5,0.0
0,58200,STRAWBERRIES,3987,175,N/A,N/A,N/A,N/A,3989,175,N/A,N/A,N/A,N/A,3988.0,0.0
0,58300,STRAWBERRIES,3987,230,N/A,N/A,N/A,N/A,3988,77,3989.0,153.0,N/A,N/A,3987.5,0.0
0,58400,STRAWBERRIES,3987,235,N/A,N/A,N/A,N/A,3989,235,N/A,N/A,N/A,N/A,3988.0,0.0
0,58500,STRAWBERRIES,3987,255,N/A,N/A,N/A,N/A,3988,255,N/A,N/A,N/A,N/A,3987.5,0.0
0,58600,STRAWBERRIES,3987,208,N/A,N/A,N/A,N/A,3989,208,N/A,N/A,N/A,N/A,3988.0,0.0
0,58700,STRAWBERRIES,3988,99,3987.0,126.0,N/A,N/A,3989,225,N/A,N/A,N/A,N/A,3988.5,0.0
0,58800,STRAWBERRIES,3988,226,N/A,N/A,N/A,N/A,3990,226,N/A,N/A,N/A,N/A,3989.0,0.0
0,58900,STRAWBERRIES,3989,201,N/A,N/A,N/A,N/A,3990,98,3991.0,112.0,N/A,N/A,3989.5,0.0
0,59000,STRAWBERRIES,3989,228,N/A,N/A,N/A,N/A,3991,228,N/A,N/A,N/A,N/A,3990.0,0.0
0,59100,STRAWBERRIES,3989,232,N/A,N/A,N/A,N/A,3991,232,N/A,N/A,N/A,N/A,3990.0,0.0
0,59200,STRAWBERRIES,3990,273,N/A,N/A,N/A,N/A,3991,273,N/A,N/A,N/A,N/A,3990.5,0.0
0,59300,STRAWBERRIES,3990,241,N/A,N/A,N/A,N/A,3992,241,N/A,N/A,N/A,N/A,3991.0,0.0
0,59400,STRAWBERRIES,3990,224,N/A,N/A,N/A,N/A,3991,85,3992.0,139.0,N/A,N/A,3990.5,0.0
0,59500,STRAWBERRIES,3990,265,N/A,N/A,N/A,N/A,3992,265,N/A,N/A,N/A,N/A,3991.0,0.0
0,59600,STRAWBERRIES,3990,255,N/A,N/A,N/A,N/A,3991,87,3992.0,168.0,N/A,N/A,3990.5,0.0
0,59700,STRAWBERRIES,3990,265,N/A,N/A,N/A,N/A,3992,265,N/A,N/A,N/A,N/A,3991.0,0.0
0,59800,STRAWBERRIES,3990,219,N/A,N/A,N/A,N/A,3991,91,3992.0,128.0,N/A,N/A,3990.5,0.0
0,59900,STRAWBERRIES,3990,90,3989.0,102.0,N/A,N/A,3991,192,N/A,N/A,N/A,N/A,3990.5,0.0
0,60000,STRAWBERRIES,3989,234,N/A,N/A,N/A,N/A,3991,234,N/A,N/A,N/A,N/A,3990.0,0.0
0,60100,STRAWBERRIES,3988,218,N/A,N/A,N/A,N/A,3990,218,N/A,N/A,N/A,N/A,3989.0,0.0
0,60200,STRAWBERRIES,3989,61,3988.0,171.0,N/A,N/A,3990,232,N/A,N/A,N/A,N/A,3989.5,0.0
0,60300,STRAWBERRIES,3989,248,N/A,N/A,N/A,N/A,3991,248,N/A,N/A,N/A,N/A,3990.0,0.0
0,60400,STRAWBERRIES,3990,176,N/A,N/A,N/A,N/A,3991,176,N/A,N/A,N/A,N/A,3990.5,0.0
0,60500,STRAWBERRIES,3991,99,3990.0,194.0,N/A,N/A,3992,293,N/A,N/A,N/A,N/A,3991.5,0.0
0,60600,STRAWBERRIES,3991,239,N/A,N/A,N/A,N/A,3992,239,N/A,N/A,N/A,N/A,3991.5,0.0
0,60700,STRAWBERRIES,3991,277,N/A,N/A,N/A,N/A,3992,83,3993.0,194.0,N/A,N/A,3991.5,0.0
0,60800,STRAWBERRIES,3991,98,3990.0,104.0,N/A,N/A,3992,202,N/A,N/A,N/A,N/A,3991.5,0.0
0,60900,STRAWBERRIES,3991,268,N/A,N/A,N/A,N/A,3992,95,3993.0,173.0,N/A,N/A,3991.5,0.0
0,61000,STRAWBERRIES,3991,228,N/A,N/A,N/A,N/A,3992,57,3993.0,171.0,N/A,N/A,3991.5,0.0
0,61100,STRAWBERRIES,3991,221,N/A,N/A,N/A,N/A,3992,221,N/A,N/A,N/A,N/A,3991.5,0.0
0,61200,STRAWBERRIES,3990,219,N/A,N/A,N/A,N/A,3992,219,N/A,N/A,N/A,N/A,3991.0,0.0
0,61300,STRAWBERRIES,3990,204,N/A,N/A,N/A,N/A,3991,80,3992.0,124.0,N/A,N/A,3990.5,0.0
0,61400,STRAWBERRIES,3990,231,N/A,N/A,N/A,N/A,3992,231,N/A,N/A,N/A,N/A,3991.0,0.0
0,61500,STRAWBERRIES,3990,197,N/A,N/A,N/A,N/A,3991,88,3992.0,109.0,N/A,N/A,3990.5,0.0
0,61600,STRAWBERRIES,3990,225,N/A,N/A,N/A,N/A,3991,225,N/A,N/A,N/A,N/A,3990.5,0.0
0,61700,STRAWBERRIES,3990,247,N/A,N/A,N/A,N/A,3991,56,3992.0,191.0,N/A,N/A,3990.5,0.0
0,61800,STRAWBERRIES,3990,197,N/A,N/A,N/A,N/A,3992,197,N/A,N/A,N/A,N/A,3991.0,0.0
0,61900,STRAWBERRIES,3991,272,N/A,N/A,N/A,N/A,3992,272,N/A,N/A,N/A,N/A,3991.5,0.0
0,62000,STRAWBERRIES,3990,254,N/A,N/A,N/A,N/A,3992,254,N/A,N/A,N/A,N/A,3991.0,0.0
0,62100,STRAWBERRIES,3991,266,N/A,N/A,N/A,N/A,3992,95,3993.0,181.0,N/A,N/A,3991.5,0.0
0,62200,STRAWBERRIES,3991,257,N/A,N/A,N/A,N/A,3992,88,3993.0,169.0,N/A,N/A,3991.5,0.0
0,62300,STRAWBERRIES,3992,92,3991.0,136.0,N/A,N/A,3993,228,N/A,N/A,N/A,N/A,3992.5,0.0
0,62400,STRAWBERRIES,3992,243,N/A,N/A,N/A,N/A,3993,243,N/A,N/A,N/A,N/A,3992.5,0.0
0,62500,STRAWBERRIES,3991,259,N/A,N/A,N/A,N/A,3993,259,N/A,N/A,N/A,N/A,3992.0,0.0
0,62600,STRAWBERRIES,3992,229,N/A,N/A,N/A,N/A,3993,229,N/A,N/A,N/A,N/A,3992.5,0.0
0,62700,STRAWBERRIES,3991,262,N/A,N/A,N/A,N/A,3992,262,N/A,N/A,N/A,N/A,3991.5,0.0
0,62800,STRAWBERRIES,3991,49,3990.0,116.0,N/A,N/A,3992,169,N/A,N/A,N/A,N/A,3991.5,0.0
0,62900,STRAWBERRIES,3991,232,N/A,N/A,N/A,N/A,3992,232,N/A,N/A,N/A,N/A,3991.5,0.0
0,63000,STRAWBERRIES,3990,275,N/A,N/A,N/A,N/A,3992,275,N/A,N/A,N/A,N/A,3991.0,0.0
0,63100,STRAWBERRIES,3991,194,N/A,N/A,N/A,N/A,3992,194,N/A,N/A,N/A,N/A,3991.5,0.0
0,63200,STRAWBERRIES,3990,262,N/A,N/A,N/A,N/A,3992,262,N/A,N/A,N/A,N/A,3991.0,0.0
0,63300,STRAWBERRIES,3990,97,3989.0,179.0,N/A,N/A,3991,276,N/A,N/A,N/A,N/A,3990.5,0.0
0,63400,STRAWBERRIES,3989,52,3988.0,200.0,N/A,N/A,3990,252,N/A,N/A,N/A,N/A,3989.5,0.0
0,63500,STRAWBERRIES,3989,74,3988.0,169.0,N/A,N/A,3990,243,N/A,N/A,N/A,N/A,3989.5,0.0
0,63600,STRAWBERRIES,3988,200,N/A,N/A,N/A,N/A,3989,80,3990.0,120.0,N/A,N/A,3988.5,0.0
0,63700,STRAWBERRIES,3988,203,N/A,N/A,N/A,N/A,3989,71,3990.0,132.0,N/A,N/A,3988.5,0.0
0,63800,STRAWBERRIES,3987,171,N/A,N/A,N/A,N/A,3988,55,3989.0,116.0,N/A,N/A,3987.5,0.0
0,63900,STRAWBERRIES,3987,72,3986.0,178.0,N/A,N/A,3988,250,N/A,N/A,N/A,N/A,3987.5,0.0
0,64000,STRAWBERRIES,3987,69,3986.0,132.0,N/A,N/A,3988,201,N/A,N/A,N/A,N/A,3987.5,0.0
0,64100,STRAWBERRIES,3987,192,N/A,N/A,N/A,N/A,3988,62,3989.0,130.0,N/A,N/A,3987.5,0.0
0,64200,STRAWBERRIES,3987,273,N/A,N/A,N/A,N/A,3989,273,N/A,N/A,N/A,N/A,3988.0,0.0
0,64300,STRAWBERRIES,3987,163,N/A,N/A,N/A,N/A,3989,163,N/A,N/A,N/A,N/A,3988.0,0.0
0,64400,STRAWBERRIES,3987,252,N/A,N/A,N/A,N/A,3989,252,N/A,N/A,N/A,N/A,3988.0,0.0
0,64500,STRAWBERRIES,3987,279,N/A,N/A,N/A,N/A,3989,279,N/A,N/A,N/A,N/A,3988.0,0.0
0,64600,STRAWBERRIES,3987,174,N/A,N/A,N/A,N/A,3989,174,N/A,N/A,N/A,N/A,3988.0,0.0
0,64700,STRAWBERRIES,3987,244,N/A,N/A,N/A,N/A,3989,244,N/A,N/A,N/A,N/A,3988.0,0.0
0,64800,STRAWBERRIES,3987,236,N/A,N/A,N/A,N/A,3988,236,N/A,N/A,N/A,N/A,3987.5,0.0
0,64900,STRAWBERRIES,3987,260,N/A,N/A,N/A,N/A,3988,260,N/A,N/A,N/A,N/A,3987.5,0.0
0,65000,STRAWBERRIES,3987,63,3986.0,131.0,N/A,N/A,3988,194,N/A,N/A,N/A,N/A,3987.5,0.0
0,65100,STRAWBERRIES,3986,166,N/A,N/A,N/A,N/A,3987,62,3988.0,104.0,N/A,N/A,3986.5,0.0
0,65200,STRAWBERRIES,3986,189,N/A,N/A,N/A,N/A,3987,67,3988.0,117.0,N/A,N/A,3986.5,0.0
0,65300,STRAWBERRIES,3986,240,N/A,N/A,N/A,N/A,3988,240,N/A,N/A,N/A,N/A,3987.0,0.0
0,65400,STRAWBERRIES,3986,261,N/A,N/A,N/A,N/A,3988,261,N/A,N/A,N/A,N/A,3987.0,0.0
0,65500,STRAWBERRIES,3986,64,3985.0,144.0,N/A,N/A,3987,208,N/A,N/A,N/A,N/A,3986.5,0.0
0,65600,STRAWBERRIES,3986,76,3985.0,168.0,N/A,N/A,3987,244,N/A,N/A,N/A,N/A,3986.5,0.0
0,65700,STRAWBERRIES,3986,210,N/A,N/A,N/A,N/A,3987,56,3988.0,154.0,N/A,N/A,3986.5,0.0
0,65800,STRAWBERRIES,3986,267,N/A,N/A,N/A,N/A,3988,267,N/A,N/A,N/A,N/A,3987.0,0.0
0,65900,STRAWBERRIES,3986,157,N/A,N/A,N/A,N/A,3988,157,N/A,N/A,N/A,N/A,3987.0,0.0
0,66000,STRAWBERRIES,3986,213,N/A,N/A,N/A,N/A,3988,213,N/A,N/A,N/A,N/A,3987.0,0.0
0,66100,STRAWBERRIES,3986,181,N/A,N/A,N/A,N/A,3988,181,N/A,N/A,N/A,N/A,3987.0,0.0
0,66200,STRAWBERRIES,3987,60,3986.0,116.0,N/A,N/A,3988,176,N/A,N/A,N/A,N/A,3987.5,0.0
0,66300,STRAWBERRIES,3987,209,N/A,N/A,N/A,N/A,3988,209,N/A,N/A,N/A,N/A,3987.5,0.0
0,66400,STRAWBERRIES,3987,233,N/A,N/A,N/A,N/A,3989,233,N/A,N/A,N/A,N/A,3988.0,0.0
0,66500,STRAWBERRIES,3987,273,N/A,N/A,N/A,N/A,3989,273,N/A,N/A,N/A,N/A,3988.0,0.0
0,66600,STRAWBERRIES,3987,216,N/A,N/A,N/A,N/A,3989,225,N/A,N/A,N/A,N/A,3988.0,0.0
0,66700,STRAWBERRIES,3987,201,N/A,N/A,N/A,N/A,3988,83,3989.0,118.0,N/A,N/A,3987.5,0.0
0,66800,STRAWBERRIES,3987,283,N/A,N/A,N/A,N/A,3989,283,N/A,N/A,N/A,N/A,3988.0,0.0
0,66900,STRAWBERRIES,3986,219,N/A,N/A,N/A,N/A,3988,219,N/A,N/A,N/A,N/A,3987.0,0.0
0,67000,STRAWBERRIES,3987,11,3986.0,274.0,N/A,N/A,3988,274,N/A,N/A,N/A,N/A,3987.5,0.0
0,67100,STRAWBERRIES,3987,87,3986.0,177.0,N/A,N/A,3988,255,N/A,N/A,N/A,N/A,3987.5,0.0
0,67200,STRAWBERRIES,3987,59,3986.0,185.0,N/A,N/A,3988,244,N/A,N/A,N/A,N/A,3987.5,0.0
0,67300,STRAWBERRIES,3986,289,N/A,N/A,N/A,N/A,3988,289,N/A,N/A,N/A,N/A,3987.0,0.0
0,67400,STRAWBERRIES,3986,220,N/A,N/A,N/A,N/A,3988,211,N/A,N/A,N/A,N/A,3987.0,0.0
0,67500,STRAWBERRIES,3987,53,3986.0,103.0,N/A,N/A,3988,156,N/A,N/A,N/A,N/A,3987.5,0.0
0,67600,STRAWBERRIES,3987,228,N/A,N/A,N/A,N/A,3988,228,N/A,N/A,N/A,N/A,3987.5,0.0
0,67700,STRAWBERRIES,3987,241,N/A,N/A,N/A,N/A,3989,241,N/A,N/A,N/A,N/A,3988.0,0.0
0,67800,STRAWBERRIES,3988,72,3987.0,105.0,N/A,N/A,3989,177,N/A,N/A,N/A,N/A,3988.5,0.0
0,67900,STRAWBERRIES,3988,241,N/A,N/A,N/A,N/A,3989,241,N/A,N/A,N/A,N/A,3988.5,0.0
0,68000,STRAWBERRIES,3988,95,3987.0,116.0,N/A,N/A,3989,211,N/A,N/A,N/A,N/A,3988.5,0.0
0,68100,STRAWBERRIES,3987,254,N/A,N/A,N/A,N/A,3989,254,N/A,N/A,N/A,N/A,3988.0,0.0
0,68200,STRAWBERRIES,3987,181,N/A,N/A,N/A,N/A,3988,66,3989.0,115.0,N/A,N/A,3987.5,0.0
0,68300,STRAWBERRIES,3987,282,N/A,N/A,N/A,N/A,3988,86,3989.0,196.0,N/A,N/A,3987.5,0.0
0,68400,STRAWBERRIES,3988,62,3987.0,124.0,N/A,N/A,3989,186,N/A,N/A,N/A,N/A,3988.5,0.0
0,68500,STRAWBERRIES,3987,249,N/A,N/A,N/A,N/A,3988,57,3989.0,198.0,N/A,N/A,3987.5,0.0
0,68600,STRAWBERRIES,3987,223,N/A,N/A,N/A,N/A,3988,72,3989.0,151.0,N/A,N/A,3987.5,0.0
0,68700,STRAWBERRIES,3986,257,N/A,N/A,N/A,N/A,3988,257,N/A,N/A,N/A,N/A,3987.0,0.0
0,68800,STRAWBERRIES,3986,277,N/A,N/A,N/A,N/A,3987,82,3988.0,195.0,N/A,N/A,3986.5,0.0
0,68900,STRAWBERRIES,3986,206,N/A,N/A,N/A,N/A,3988,206,N/A,N/A,N/A,N/A,3987.0,0.0
0,69000,STRAWBERRIES,3986,196,N/A,N/A,N/A,N/A,3988,196,N/A,N/A,N/A,N/A,3987.0,0.0
0,69100,STRAWBERRIES,3987,256,N/A,N/A,N/A,N/A,3988,57,3989.0,199.0,N/A,N/A,3987.5,0.0
0,69200,STRAWBERRIES,3986,239,N/A,N/A,N/A,N/A,3987,82,3988.0,157.0,N/A,N/A,3986.5,0.0
0,69300,STRAWBERRIES,3986,267,N/A,N/A,N/A,N/A,3988,267,N/A,N/A,N/A,N/A,3987.0,0.0
0,69400,STRAWBERRIES,3987,275,N/A,N/A,N/A,N/A,3988,96,3989.0,179.0,N/A,N/A,3987.5,0.0
0,69500,STRAWBERRIES,3988,77,3987.0,163.0,N/A,N/A,3989,240,N/A,N/A,N/A,N/A,3988.5,0.0
0,69600,STRAWBERRIES,3987,187,N/A,N/A,N/A,N/A,3989,187,N/A,N/A,N/A,N/A,3988.0,0.0
0,69700,STRAWBERRIES,3987,195,N/A,N/A,N/A,N/A,3988,56,3989.0,150.0,N/A,N/A,3987.5,0.0
0,69800,STRAWBERRIES,3987,205,N/A,N/A,N/A,N/A,3989,205,N/A,N/A,N/A,N/A,3988.0,0.0
0,69900,STRAWBERRIES,3987,265,N/A,N/A,N/A,N/A,3988,5,3989.0,265.0,N/A,N/A,3987.5,0.0
0,70000,STRAWBERRIES,3987,240,N/A,N/A,N/A,N/A,3989,240,N/A,N/A,N/A,N/A,3988.0,0.0
0,70100,STRAWBERRIES,3987,210,N/A,N/A,N/A,N/A,3989,210,N/A,N/A,N/A,N/A,3988.0,0.0
0,70200,STRAWBERRIES,3988,225,N/A,N/A,N/A,N/A,3989,99,3990.0,126.0,N/A,N/A,3988.5,0.0
0,70300,STRAWBERRIES,3988,206,N/A,N/A,N/A,N/A,3990,206,N/A,N/A,N/A,N/A,3989.0,0.0
0,70400,STRAWBERRIES,3988,231,N/A,N/A,N/A,N/A,3990,231,N/A,N/A,N/A,N/A,3989.0,0.0
0,70500,STRAWBERRIES,3989,98,3988.0,119.0,N/A,N/A,3990,217,N/A,N/A,N/A,N/A,3989.5,0.0
0,70600,STRAWBERRIES,3989,255,N/A,N/A,N/A,N/A,3990,255,N/A,N/A,N/A,N/A,3989.5,0.0
0,70700,STRAWBERRIES,3989,164,N/A,N/A,N/A,N/A,3991,164,N/A,N/A,N/A,N/A,3990.0,0.0
0,70800,STRAWBERRIES,3989,204,N/A,N/A,N/A,N/A,3990,204,N/A,N/A,N/A,N/A,3989.5,0.0
0,70900,STRAWBERRIES,3988,205,N/A,N/A,N/A,N/A,3990,205,N/A,N/A,N/A,N/A,3989.0,0.0
0,71000,STRAWBERRIES,3988,235,N/A,N/A,N/A,N/A,3990,243,N/A,N/A,N/A,N/A,3989.0,0.0
0,71100,STRAWBERRIES,3988,211,N/A,N/A,N/A,N/A,3989,211,N/A,N/A,N/A,N/A,3988.5,0.0
0,71200,STRAWBERRIES,3987,239,N/A,N/A,N/A,N/A,3989,239,N/A,N/A,N/A,N/A,3988.0,0.0
0,71300,STRAWBERRIES,3988,187,N/A,N/A,N/A,N/A,3989,187,N/A,N/A,N/A,N/A,3988.5,0.0
0,71400,STRAWBERRIES,3988,257,N/A,N/A,N/A,N/A,3989,58,3990.0,199.0,N/A,N/A,3988.5,0.0
0,71500,STRAWBERRIES,3989,51,3988.0,190.0,N/A,N/A,3990,241,N/A,N/A,N/A,N/A,3989.5,0.0
0,71600,STRAWBERRIES,3988,229,N/A,N/A,N/A,N/A,3990,229,N/A,N/A,N/A,N/A,3989.0,0.0
0,71700,STRAWBERRIES,3989,172,N/A,N/A,N/A,N/A,3990,168,N/A,N/A,N/A,N/A,3989.5,0.0
0,71800,STRAWBERRIES,3989,70,3988.0,145.0,N/A,N/A,3990,215,N/A,N/A,N/A,N/A,3989.5,0.0
0,71900,STRAWBERRIES,3989,70,3988.0,193.0,N/A,N/A,3990,263,N/A,N/A,N/A,N/A,3989.5,0.0
0,72000,STRAWBERRIES,3988,171,N/A,N/A,N/A,N/A,3990,171,N/A,N/A,N/A,N/A,3989.0,0.0
0,72100,STRAWBERRIES,3988,192,N/A,N/A,N/A,N/A,3989,55,3990.0,137.0,N/A,N/A,3988.5,0.0
0,72200,STRAWBERRIES,3988,176,N/A,N/A,N/A,N/A,3990,176,N/A,N/A,N/A,N/A,3989.0,0.0
0,72300,STRAWBERRIES,3988,178,N/A,N/A,N/A,N/A,3989,178,N/A,N/A,N/A,N/A,3988.5,0.0
0,72400,STRAWBERRIES,3988,193,N/A,N/A,N/A,N/A,3989,193,N/A,N/A,N/A,N/A,3988.5,0.0
0,72500,STRAWBERRIES,3988,96,3987.0,128.0,N/A,N/A,3989,224,N/A,N/A,N/A,N/A,3988.5,0.0
0,72600,STRAWBERRIES,3987,232,N/A,N/A,N/A,N/A,3989,232,N/A,N/A,N/A,N/A,3988.0,0.0
0,72700,STRAWBERRIES,3987,188,N/A,N/A,N/A,N/A,3988,188,N/A,N/A,N/A,N/A,3987.5,0.0
0,72800,STRAWBERRIES,3987,251,N/A,N/A,N/A,N/A,3988,251,N/A,N/A,N/A,N/A,3987.5,0.0
0,72900,STRAWBERRIES,3987,213,N/A,N/A,N/A,N/A,3988,213,N/A,N/A,N/A,N/A,3987.5,0.0
0,73000,STRAWBERRIES,3986,193,N/A,N/A,N/A,N/A,3987,189,N/A,N/A,N/A,N/A,3986.5,0.0
0,73100,STRAWBERRIES,3986,229,N/A,N/A,N/A,N/A,3987,50,3988.0,179.0,N/A,N/A,3986.5,0.0
0,73200,STRAWBERRIES,3985,249,N/A,N/A,N/A,N/A,3987,249,N/A,N/A,N/A,N/A,3986.0,0.0
0,73300,STRAWBERRIES,3985,253,N/A,N/A,N/A,N/A,3986,253,N/A,N/A,N/A,N/A,3985.5,0.0
0,73400,STRAWBERRIES,3985,272,N/A,N/A,N/A,N/A,3986,87,3987.0,185.0,N/A,N/A,3985.5,0.0
0,73500,STRAWBERRIES,3985,242,N/A,N/A,N/A,N/A,3986,242,N/A,N/A,N/A,N/A,3985.5,0.0
0,73600,STRAWBERRIES,3985,79,3984.0,180.0,N/A,N/A,3986,259,N/A,N/A,N/A,N/A,3985.5,0.0
0,73700,STRAWBERRIES,3985,242,N/A,N/A,N/A,N/A,3986,74,3987.0,168.0,N/A,N/A,3985.5,0.0
0,73800,STRAWBERRIES,3985,256,N/A,N/A,N/A,N/A,3986,256,N/A,N/A,N/A,N/A,3985.5,0.0
0,73900,STRAWBERRIES,3984,198,N/A,N/A,N/A,N/A,3985,78,3986.0,120.0,N/A,N/A,3984.5,0.0
0,74000,STRAWBERRIES,3984,210,N/A,N/A,N/A,N/A,3986,210,N/A,N/A,N/A,N/A,3985.0,0.0
0,74100,STRAWBERRIES,3984,214,N/A,N/A,N/A,N/A,3985,9,3986.0,214.0,N/A,N/A,3984.5,0.0
0,74200,STRAWBERRIES,3984,255,N/A,N/A,N/A,N/A,3986,255,N/A,N/A,N/A,N/A,3985.0,0.0
0,74300,STRAWBERRIES,3984,212,N/A,N/A,N/A,N/A,3986,212,N/A,N/A,N/A,N/A,3985.0,0.0
0,74400,STRAWBERRIES,3984,238,N/A,N/A,N/A,N/A,3986,238,N/A,N/A,N/A,N/A,3985.0,0.0
0,74500,STRAWBERRIES,3984,185,N/A,N/A,N/A,N/A,3985,56,3986.0,129.0,N/A,N/A,3984.5,0.0
0,74600,STRAWBERRIES,3984,228,N/A,N/A,N/A,N/A,3986,228,N/A,N/A,N/A,N/A,3985.0,0.0
0,74700,STRAWBERRIES,3985,212,N/A,N/A,N/A,N/A,3986,201,N/A,N/A,N/A,N/A,3985.5,0.0
0,74800,STRAWBERRIES,3985,247,N/A,N/A,N/A,N/A,3986,242,N/A,N/A,N/A,N/A,3985.5,0.0
0,74900,STRAWBERRIES,3984,229,N/A,N/A,N/A,N/A,3986,229,N/A,N/A,N/A,N/A,3985.0,0.0
0,75000,STRAWBERRIES,3985,184,N/A,N/A,N/A,N/A,3987,184,N/A,N/A,N/A,N/A,3986.0,0.0
0,75100,STRAWBERRIES,3985,54,3984.0,173.0,N/A,N/A,3986,227,N/A,N/A,N/A,N/A,3985.5,0.0
0,75200,STRAWBERRIES,3985,188,N/A,N/A,N/A,N/A,3986,81,3987.0,107.0,N/A,N/A,3985.5,0.0
0,75300,STRAWBERRIES,3985,230,N/A,N/A,N/A,N/A,3986,89,3987.0,141.0,N/A,N/A,3985.5,0.0
0,75400,STRAWBERRIES,3985,234,N/A,N/A,N/A,N/A,3987,234,N/A,N/A,N/A,N/A,3986.0,0.0
0,75500,STRAWBERRIES,3985,213,N/A,N/A,N/A,N/A,3987,213,N/A,N/A,N/A,N/A,3986.0,0.0
0,75600,STRAWBERRIES,3985,229,N/A,N/A,N/A,N/A,3987,229,N/A,N/A,N/A,N/A,3986.0,0.0
0,75700,STRAWBERRIES,3985,172,N/A,N/A,N/A,N/A,3987,172,N/A,N/A,N/A,N/A,3986.0,0.0
0,75800,STRAWBERRIES,3986,252,N/A,N/A,N/A,N/A,3987,63,3988.0,189.0,N/A,N/A,3986.5,0.0
0,75900,STRAWBERRIES,3986,254,N/A,N/A,N/A,N/A,3987,254,N/A,N/A,N/A,N/A,3986.5,0.0
0,76000,STRAWBERRIES,3986,218,N/A,N/A,N/A,N/A,3988,228,N/A,N/A,N/A,N/A,3987.0,0.0
0,76100,STRAWBERRIES,3986,246,N/A,N/A,N/A,N/A,3987,66,3988.0,180.0,N/A,N/A,3986.5,0.0
0,76200,STRAWBERRIES,3986,302,N/A,N/A,N/A,N/A,3987,291,N/A,N/A,N/A,N/A,3986.5,0.0
0,76300,STRAWBERRIES,3986,90,3985.0,168.0,N/A,N/A,3987,258,N/A,N/A,N/A,N/A,3986.5,0.0
0,76400,STRAWBERRIES,3985,218,N/A,N/A,N/A,N/A,3987,218,N/A,N/A,N/A,N/A,3986.0,0.0
0,76500,STRAWBERRIES,3985,232,N/A,N/A,N/A,N/A,3987,232,N/A,N/A,N/A,N/A,3986.0,0.0
0,76600,STRAWBERRIES,3986,96,3985.0,198.0,N/A,N/A,3987,294,N/A,N/A,N/A,N/A,3986.5,0.0
0,76700,STRAWBERRIES,3986,69,3985.0,109.0,N/A,N/A,3987,178,N/A,N/A,N/A,N/A,3986.5,0.0
0,76800,STRAWBERRIES,3986,222,N/A,N/A,N/A,N/A,3987,80,3988.0,142.0,N/A,N/A,3986.5,0.0
0,76900,STRAWBERRIES,3986,173,N/A,N/A,N/A,N/A,3988,173,N/A,N/A,N/A,N/A,3987.0,0.0
0,77000,STRAWBERRIES,3986,223,N/A,N/A,N/A,N/A,3987,62,3988.0,161.0,N/A,N/A,3986.5,0.0
0,77100,STRAWBERRIES,3985,260,N/A,N/A,N/A,N/A,3987,260,N/A,N/A,N/A,N/A,3986.0,0.0
0,77200,STRAWBERRIES,3986,176,N/A,N/A,N/A,N/A,3987,176,N/A,N/A,N/A,N/A,3986.5,0.0
0,77300,STRAWBERRIES,3986,244,N/A,N/A,N/A,N/A,3987,73,3988.0,171.0,N/A,N/A,3986.5,0.0
0,77400,STRAWBERRIES,3986,270,N/A,N/A,N/A,N/A,3987,94,3988.0,176.0,N/A,N/A,3986.5,0.0
0,77500,STRAWBERRIES,3985,209,N/A,N/A,N/A,N/A,3987,209,N/A,N/A,N/A,N/A,3986.0,0.0
0,77600,STRAWBERRIES,3985,241,N/A,N/A,N/A,N/A,3986,241,N/A,N/A,N/A,N/A,3985.5,0.0
0,77700,STRAWBERRIES,3985,226,N/A,N/A,N/A,N/A,3986,50,3987.0,176.0,N/A,N/A,3985.5,0.0
0,77800,STRAWBERRIES,3985,268,N/A,N/A,N/A,N/A,3986,85,3987.0,183.0,N/A,N/A,3985.5,0.0
0,77900,STRAWBERRIES,3985,264,N/A,N/A,N/A,N/A,3987,264,N/A,N/A,N/A,N/A,3986.0,0.0
0,78000,STRAWBERRIES,3985,242,N/A,N/A,N/A,N/A,3986,242,N/A,N/A,N/A,N/A,3985.5,0.0
0,78100,STRAWBERRIES,3985,260,N/A,N/A,N/A,N/A,3986,260,N/A,N/A,N/A,N/A,3985.5,0.0
0,78200,STRAWBERRIES,3984,264,N/A,N/A,N/A,N/A,3986,264,N/A,N/A,N/A,N/A,3985.0,0.0
0,78300,STRAWBERRIES,3985,180,N/A,N/A,N/A,N/A,3986,180,N/A,N/A,N/A,N/A,3985.5,0.0
0,78400,STRAWBERRIES,3985,185,N/A,N/A,N/A,N/A,3986,60,3987.0,125.0,N/A,N/A,3985.5,0.0
0,78500,STRAWBERRIES,3985,257,N/A,N/A,N/A,N/A,3987,257,N/A,N/A,N/A,N/A,3986.0,0.0
0,78600,STRAWBERRIES,3985,247,N/A,N/A,N/A,N/A,3987,247,N/A,N/A,N/A,N/A,3986.0,0.0
0,78700,STRAWBERRIES,3985,268,N/A,N/A,N/A,N/A,3987,259,N/A,N/A,N/A,N/A,3986.0,0.0
0,78800,STRAWBERRIES,3986,263,N/A,N/A,N/A,N/A,3987,263,N/A,N/A,N/A,N/A,3986.5,0.0
0,78900,STRAWBERRIES,3986,54,3985.0,155.0,N/A,N/A,3987,219,N/A,N/A,N/A,N/A,3986.5,0.0
0,79000,STRAWBERRIES,3985,214,N/A,N/A,N/A,N/A,3987,214,N/A,N/A,N/A,N/A,3986.0,0.0
0,79100,STRAWBERRIES,3985,288,N/A,N/A,N/A,N/A,3986,96,3987.0,192.0,N/A,N/A,3985.5,0.0
0,79200,STRAWBERRIES,3985,186,N/A,N/A,N/A,N/A,3986,186,N/A,N/A,N/A,N/A,3985.5,0.0
0,79300,STRAWBERRIES,3985,80,3984.0,104.0,N/A,N/A,3986,184,N/A,N/A,N/A,N/A,3985.5,0.0
0,79400,STRAWBERRIES,3985,97,3984.0,115.0,N/A,N/A,3986,212,N/A,N/A,N/A,N/A,3985.5,0.0
0,79500,STRAWBERRIES,3985,273,N/A,N/A,N/A,N/A,3986,273,N/A,N/A,N/A,N/A,3985.5,0.0
0,79600,STRAWBERRIES,3984,254,N/A,N/A,N/A,N/A,3986,254,N/A,N/A,N/A,N/A,3985.0,0.0
0,79700,STRAWBERRIES,3985,235,N/A,N/A,N/A,N/A,3986,235,N/A,N/A,N/A,N/A,3985.5,0.0
0,79800,STRAWBERRIES,3985,224,N/A,N/A,N/A,N/A,3987,224,N/A,N/A,N/A,N/A,3986.0,0.0
0,79900,STRAWBERRIES,3985,247,N/A,N/A,N/A,N/A,3986,6,3987.0,247.0,N/A,N/A,3985.5,0.0
0,80000,STRAWBERRIES,3985,237,N/A,N/A,N/A,N/A,3986,57,3987.0,180.0,N/A,N/A,3985.5,0.0
0,80100,STRAWBERRIES,3985,258,N/A,N/A,N/A,N/A,3987,258,N/A,N/A,N/A,N/A,3986.0,0.0
0,80200,STRAWBERRIES,3986,283,N/A,N/A,N/A,N/A,3987,283,N/A,N/A,N/A,N/A,3986.5,0.0
0,80300,STRAWBERRIES,3986,264,N/A,N/A,N/A,N/A,3987,68,3988.0,196.0,N/A,N/A,3986.5,0.0
0,80400,STRAWBERRIES,3986,170,N/A,N/A,N/A,N/A,3987,66,3988.0,104.0,N/A,N/A,3986.5,0.0
0,80500,STRAWBERRIES,3986,46,3985.0,129.0,N/A,N/A,3987,179,N/A,N/A,N/A,N/A,3986.5,0.0
0,80600,STRAWBERRIES,3985,242,N/A,N/A,N/A,N/A,3987,242,N/A,N/A,N/A,N/A,3986.0,0.0
0,80700,STRAWBERRIES,3985,261,N/A,N/A,N/A,N/A,3987,261,N/A,N/A,N/A,N/A,3986.0,0.0
0,80800,STRAWBERRIES,3985,259,N/A,N/A,N/A,N/A,3986,60,3987.0,199.0,N/A,N/A,3985.5,0.0
0,80900,STRAWBERRIES,3985,243,N/A,N/A,N/A,N/A,3986,77,3987.0,166.0,N/A,N/A,3985.5,0.0
0,81000,STRAWBERRIES,3985,100,3984.0,176.0,N/A,N/A,3986,276,N/A,N/A,N/A,N/A,3985.5,0.0
0,81100,STRAWBERRIES,3984,166,N/A,N/A,N/A,N/A,3986,166,N/A,N/A,N/A,N/A,3985.0,0.0
0,81200,STRAWBERRIES,3985,206,N/A,N/A,N/A,N/A,3986,206,N/A,N/A,N/A,N/A,3985.5,0.0
0,81300,STRAWBERRIES,3985,224,N/A,N/A,N/A,N/A,3986,82,3987.0,142.0,N/A,N/A,3985.5,0.0
0,81400,STRAWBERRIES,3985,182,N/A,N/A,N/A,N/A,3986,51,3987.0,131.0,N/A,N/A,3985.5,0.0
0,81500,STRAWBERRIES,3985,59,3984.0,100.0,N/A,N/A,3986,159,N/A,N/A,N/A,N/A,3985.5,0.0
0,81600,STRAWBERRIES,3984,202,N/A,N/A,N/A,N/A,3986,202,N/A,N/A,N/A,N/A,3985.0,0.0
0,81700,STRAWBERRIES,3984,222,N/A,N/A,N/A,N/A,3986,222,N/A,N/A,N/A,N/A,3985.0,0.0
0,81800,STRAWBERRIES,3985,87,3984.0,140.0,N/A,N/A,3986,227,N/A,N/A,N/A,N/A,3985.5,0.0
0,81900,STRAWBERRIES,3984,215,N/A,N/A,N/A,N/A,3985,11,3986.0,215.0,N/A,N/A,3984.5,0.0
0,82000,STRAWBERRIES,3984,205,N/A,N/A,N/A,N/A,3985,205,N/A,N/A,N/A,N/A,3984.5,0.0
0,82100,STRAWBERRIES,3984,213,N/A,N/A,N/A,N/A,3985,60,3986.0,153.0,N/A,N/A,3984.5,0.0
0,82200,STRAWBERRIES,3984,217,N/A,N/A,N/A,N/A,3985,99,3986.0,118.0,N/A,N/A,3984.5,0.0
0,82300,STRAWBERRIES,3984,72,3983.0,182.0,N/A,N/A,3985,254,N/A,N/A,N/A,N/A,3984.5,0.0
0,82400,STRAWBERRIES,3984,77,3983.0,193.0,N/A,N/A,3985,281,N/A,N/A,N/A,N/A,3984.5,0.0
0,82500,STRAWBERRIES,3983,191,N/A,N/A,N/A,N/A,3985,191,N/A,N/A,N/A,N/A,3984.0,0.0
0,82600,STRAWBERRIES,3983,249,N/A,N/A,N/A,N/A,3985,249,N/A,N/A,N/A,N/A,3984.0,0.0
0,82700,STRAWBERRIES,3983,252,N/A,N/A,N/A,N/A,3985,252,N/A,N/A,N/A,N/A,3984.0,0.0
0,82800,STRAWBERRIES,3983,263,N/A,N/A,N/A,N/A,3985,263,N/A,N/A,N/A,N/A,3984.0,0.0
0,82900,STRAWBERRIES,3983,258,N/A,N/A,N/A,N/A,3984,258,N/A,N/A,N/A,N/A,3983.5,0.0
0,83000,STRAWBERRIES,3984,9,3983.0,214.0,N/A,N/A,3985,214,N/A,N/A,N/A,N/A,3984.5,0.0
0,83100,STRAWBERRIES,3984,180,N/A,N/A,N/A,N/A,3985,180,N/A,N/A,N/A,N/A,3984.5,0.0
0,83200,STRAWBERRIES,3984,179,N/A,N/A,N/A,N/A,3986,179,N/A,N/A,N/A,N/A,3985.0,0.0
0,83300,STRAWBERRIES,3984,186,N/A,N/A,N/A,N/A,3986,186,N/A,N/A,N/A,N/A,3985.0,0.0
0,83400,STRAWBERRIES,3984,177,N/A,N/A,N/A,N/A,3985,60,3986.0,117.0,N/A,N/A,3984.5,0.0
0,83500,STRAWBERRIES,3984,220,N/A,N/A,N/A,N/A,3986,223,N/A,N/A,N/A,N/A,3985.0,0.0
0,83600,STRAWBERRIES,3984,209,N/A,N/A,N/A,N/A,3985,79,3986.0,130.0,N/A,N/A,3984.5,0.0
0,83700,STRAWBERRIES,3984,251,N/A,N/A,N/A,N/A,3985,56,3986.0,195.0,N/A,N/A,3984.5,0.0
0,83800,STRAWBERRIES,3984,222,N/A,N/A,N/A,N/A,3986,212,N/A,N/A,N/A,N/A,3985.0,0.0
0,83900,STRAWBERRIES,3984,60,3983.0,165.0,N/A,N/A,3985,225,N/A,N/A,N/A,N/A,3984.5,0.0
0,84000,STRAWBERRIES,3983,239,N/A,N/A,N/A,N/A,3985,239,N/A,N/A,N/A,N/A,3984.0,0.0
0,84100,STRAWBERRIES,3983,255,N/A,N/A,N/A,N/A,3985,255,N/A,N/A,N/A,N/A,3984.0,0.0
0,84200,STRAWBERRIES,3983,263,N/A,N/A,N/A,N/A,3985,263,N/A,N/A,N/A,N/A,3984.0,0.0
0,84300,STRAWBERRIES,3982,274,N/A,N/A,N/A,N/A,3984,274,N/A,N/A,N/A,N/A,3983.0,0.0
0,84400,STRAWBERRIES,3982,223,N/A,N/A,N/A,N/A,3984,223,N/A,N/A,N/A,N/A,3983.0,0.0
0,84500,STRAWBERRIES,3982,186,N/A,N/A,N/A,N/A,3983,76,3984.0,110.0,N/A,N/A,3982.5,0.0
0,84600,STRAWBERRIES,3983,74,3982.0,172.0,N/A,N/A,3984,246,N/A,N/A,N/A,N/A,3983.5,0.0
0,84700,STRAWBERRIES,3983,56,3982.0,130.0,N/A,N/A,3984,186,N/A,N/A,N/A,N/A,3983.5,0.0
0,84800,STRAWBERRIES,3982,213,N/A,N/A,N/A,N/A,3984,213,N/A,N/A,N/A,N/A,3983.0,0.0
0,84900,STRAWBERRIES,3983,50,3982.0,186.0,N/A,N/A,3984,236,N/A,N/A,N/A,N/A,3983.5,0.0
0,85000,STRAWBERRIES,3982,260,N/A,N/A,N/A,N/A,3984,260,N/A,N/A,N/A,N/A,3983.0,0.0
0,85100,STRAWBERRIES,3983,11,3982.0,220.0,N/A,N/A,3984,220,N/A,N/A,N/A,N/A,3983.5,0.0
0,85200,STRAWBERRIES,3982,286,N/A,N/A,N/A,N/A,3984,286,N/A,N/A,N/A,N/A,3983.0,0.0
0,85300,STRAWBERRIES,3982,263,N/A,N/A,N/A,N/A,3984,263,N/A,N/A,N/A,N/A,3983.0,0.0
0,85400,STRAWBERRIES,3982,213,N/A,N/A,N/A,N/A,3984,213,N/A,N/A,N/A,N/A,3983.0,0.0
0,85500,STRAWBERRIES,3982,242,N/A,N/A,N/A,N/A,3984,242,N/A,N/A,N/A,N/A,3983.0,0.0
0,85600,STRAWBERRIES,3982,263,N/A,N/A,N/A,N/A,3984,263,N/A,N/A,N/A,N/A,3983.0,0.0
0,85700,STRAWBERRIES,3983,157,N/A,N/A,N/A,N/A,3984,157,N/A,N/A,N/A,N/A,3983.5,0.0
0,85800,STRAWBERRIES,3983,212,N/A,N/A,N/A,N/A,3984,70,3985.0,142.0,N/A,N/A,3983.5,0.0
0,85900,STRAWBERRIES,3982,233,N/A,N/A,N/A,N/A,3984,233,N/A,N/A,N/A,N/A,3983.0,0.0
0,86000,STRAWBERRIES,3982,205,N/A,N/A,N/A,N/A,3984,205,N/A,N/A,N/A,N/A,3983.0,0.0
0,86100,STRAWBERRIES,3983,60,3982.0,126.0,N/A,N/A,3984,186,N/A,N/A,N/A,N/A,3983.5,0.0
0,86200,STRAWBERRIES,3982,284,N/A,N/A,N/A,N/A,3984,284,N/A,N/A,N/A,N/A,3983.0,0.0
0,86300,STRAWBERRIES,3982,258,N/A,N/A,N/A,N/A,3983,75,3984.0,183.0,N/A,N/A,3982.5,0.0
0,86400,STRAWBERRIES,3982,222,N/A,N/A,N/A,N/A,3983,51,3984.0,171.0,N/A,N/A,3982.5,0.0
0,86500,STRAWBERRIES,3982,185,N/A,N/A,N/A,N/A,3983,185,N/A,N/A,N/A,N/A,3982.5,0.0
0,86600,STRAWBERRIES,3981,178,N/A,N/A,N/A,N/A,3983,178,N/A,N/A,N/A,N/A,3982.0,0.0
0,86700,STRAWBERRIES,3982,100,3981.0,126.0,N/A,N/A,3983,226,N/A,N/A,N/A,N/A,3982.5,0.0
0,86800,STRAWBERRIES,3982,266,N/A,N/A,N/A,N/A,3983,266,N/A,N/A,N/A,N/A,3982.5,0.0
0,86900,STRAWBERRIES,3982,216,N/A,N/A,N/A,N/A,3983,52,3984.0,161.0,N/A,N/A,3982.5,0.0
0,87000,STRAWBERRIES,3982,202,N/A,N/A,N/A,N/A,3983,90,3984.0,112.0,N/A,N/A,3982.5,0.0
0,87100,STRAWBERRIES,3982,246,N/A,N/A,N/A,N/A,3984,243,N/A,N/A,N/A,N/A,3983.0,0.0
0,87200,STRAWBERRIES,3983,65,3982.0,180.0,N/A,N/A,3984,245,N/A,N/A,N/A,N/A,3983.5,0.0
0,87300,STRAWBERRIES,3983,197,N/A,N/A,N/A,N/A,3984,98,3985.0,102.0,N/A,N/A,3983.5,0.0
0,87400,STRAWBERRIES,3983,220,N/A,N/A,N/A,N/A,3985,220,N/A,N/A,N/A,N/A,3984.0,0.0
0,87500,STRAWBERRIES,3984,289,N/A,N/A,N/A,N/A,3985,289,N/A,N/A,N/A,N/A,3984.5,0.0
0,87600,STRAWBERRIES,3984,214,N/A,N/A,N/A,N/A,3985,78,3986.0,146.0,N/A,N/A,3984.5,0.0
0,87700,STRAWBERRIES,3984,269,N/A,N/A,N/A,N/A,3986,260,N/A,N/A,N/A,N/A,3985.0,0.0
0,87800,STRAWBERRIES,3984,78,3983.0,103.0,N/A,N/A,3985,181,N/A,N/A,N/A,N/A,3984.5,0.0
0,87900,STRAWBERRIES,3983,242,N/A,N/A,N/A,N/A,3985,242,N/A,N/A,N/A,N/A,3984.0,0.0
0,88000,STRAWBERRIES,3983,198,N/A,N/A,N/A,N/A,3985,198,N/A,N/A,N/A,N/A,3984.0,0.0
0,88100,STRAWBERRIES,3984,55,3983.0,116.0,N/A,N/A,3985,171,N/A,N/A,N/A,N/A,3984.5,0.0
0,88200,STRAWBERRIES,3984,75,3983.0,135.0,N/A,N/A,3985,210,N/A,N/A,N/A,N/A,3984.5,0.0
0,88300,STRAWBERRIES,3984,171,N/A,N/A,N/A,N/A,3985,51,3986.0,120.0,N/A,N/A,3984.5,0.0
0,88400,STRAWBERRIES,3984,224,N/A,N/A,N/A,N/A,3985,50,3986.0,174.0,N/A,N/A,3984.5,0.0
0,88500,STRAWBERRIES,3984,236,N/A,N/A,N/A,N/A,3986,236,N/A,N/A,N/A,N/A,3985.0,0.0
0,88600,STRAWBERRIES,3985,61,3984.0,114.0,N/A,N/A,3986,172,N/A,N/A,N/A,N/A,3985.5,0.0
0,88700,STRAWBERRIES,3984,216,N/A,N/A,N/A,N/A,3986,216,N/A,N/A,N/A,N/A,3985.0,0.0
0,88800,STRAWBERRIES,3985,51,3984.0,196.0,N/A,N/A,3986,247,N/A,N/A,N/A,N/A,3985.5,0.0
0,88900,STRAWBERRIES,3985,175,N/A,N/A,N/A,N/A,3987,175,N/A,N/A,N/A,N/A,3986.0,0.0
0,89000,STRAWBERRIES,3985,212,N/A,N/A,N/A,N/A,3987,212,N/A,N/A,N/A,N/A,3986.0,0.0
0,89100,STRAWBERRIES,3985,97,3984.0,184.0,N/A,N/A,3986,281,N/A,N/A,N/A,N/A,3985.5,0.0
0,89200,STRAWBERRIES,3985,219,N/A,N/A,N/A,N/A,3986,62,3987.0,157.0,N/A,N/A,3985.5,0.0
0,89300,STRAWBERRIES,3985,169,N/A,N/A,N/A,N/A,3986,169,N/A,N/A,N/A,N/A,3985.5,0.0
0,89400,STRAWBERRIES,3985,70,3984.0,152.0,N/A,N/A,3986,222,N/A,N/A,N/A,N/A,3985.5,0.0
0,89500,STRAWBERRIES,3985,8,3984.0,239.0,N/A,N/A,3986,239,N/A,N/A,N/A,N/A,3985.5,0.0
0,89600,STRAWBERRIES,3984,206,N/A,N/A,N/A,N/A,3986,206,N/A,N/A,N/A,N/A,3985.0,0.0
0,89700,STRAWBERRIES,3985,93,3984.0,109.0,N/A,N/A,3986,202,N/A,N/A,N/A,N/A,3985.5,0.0
0,89800,STRAWBERRIES,3985,219,N/A,N/A,N/A,N/A,3986,219,N/A,N/A,N/A,N/A,3985.5,0.0
0,89900,STRAWBERRIES,3985,246,N/A,N/A,N/A,N/A,3986,246,N/A,N/A,N/A,N/A,3985.5,0.0
0,90000,STRAWBERRIES,3985,280,N/A,N/A,N/A,N/A,3987,280,N/A,N/A,N/A,N/A,3986.0,0.0
0,90100,STRAWBERRIES,3985,222,N/A,N/A,N/A,N/A,3986,54,3987.0,168.0,N/A,N/A,3985.5,0.0
0,90200,STRAWBERRIES,3985,178,N/A,N/A,N/A,N/A,3987,178,N/A,N/A,N/A,N/A,3986.0,0.0
0,90300,STRAWBERRIES,3985,182,N/A,N/A,N/A,N/A,3986,182,N/A,N/A,N/A,N/A,3985.5,0.0
0,90400,STRAWBERRIES,3984,271,N/A,N/A,N/A,N/A,3986,271,N/A,N/A,N/A,N/A,3985.0,0.0
0,90500,STRAWBERRIES,3985,178,N/A,N/A,N/A,N/A,3986,178,N/A,N/A,N/A,N/A,3985.5,0.0
0,90600,STRAWBERRIES,3984,235,N/A,N/A,N/A,N/A,3986,235,N/A,N/A,N/A,N/A,3985.0,0.0
0,90700,STRAWBERRIES,3985,177,N/A,N/A,N/A,N/A,3986,177,N/A,N/A,N/A,N/A,3985.5,0.0
0,90800,STRAWBERRIES,3985,271,N/A,N/A,N/A,N/A,3986,271,N/A,N/A,N/A,N/A,3985.5,0.0
0,90900,STRAWBERRIES,3985,275,N/A,N/A,N/A,N/A,3987,275,N/A,N/A,N/A,N/A,3986.0,0.0
0,91000,STRAWBERRIES,3985,298,N/A,N/A,N/A,N/A,3987,298,N/A,N/A,N/A,N/A,3986.0,0.0
0,91100,STRAWBERRIES,3986,5,3985.0,242.0,N/A,N/A,3987,242,N/A,N/A,N/A,N/A,3986.5,0.0
0,91200,STRAWBERRIES,3985,236,N/A,N/A,N/A,N/A,3986,89,3987.0,147.0,N/A,N/A,3985.5,0.0
0,91300,STRAWBERRIES,3985,170,N/A,N/A,N/A,N/A,3986,170,N/A,N/A,N/A,N/A,3985.5,0.0
0,91400,STRAWBERRIES,3985,251,N/A,N/A,N/A,N/A,3987,251,N/A,N/A,N/A,N/A,3986.0,0.0
0,91500,STRAWBERRIES,3986,5,3985.0,206.0,N/A,N/A,3987,206,N/A,N/A,N/A,N/A,3986.5,0.0
0,91600,STRAWBERRIES,3986,240,N/A,N/A,N/A,N/A,3987,92,3988.0,148.0,N/A,N/A,3986.5,0.0
0,91700,STRAWBERRIES,3986,276,N/A,N/A,N/A,N/A,3987,276,N/A,N/A,N/A,N/A,3986.5,0.0
0,91800,STRAWBERRIES,3986,53,3985.0,167.0,N/A,N/A,3987,220,N/A,N/A,N/A,N/A,3986.5,0.0
0,91900,STRAWBERRIES,3985,198,N/A,N/A,N/A,N/A,3987,198,N/A,N/A,N/A,N/A,3986.0,0.0
0,92000,STRAWBERRIES,3985,211,N/A,N/A,N/A,N/A,3987,211,N/A,N/A,N/A,N/A,3986.0,0.0
0,92100,STRAWBERRIES,3986,219,N/A,N/A,N/A,N/A,3987,78,3988.0,141.0,N/A,N/A,3986.5,0.0
0,92200,STRAWBERRIES,3986,235,N/A,N/A,N/A,N/A,3987,235,N/A,N/A,N/A,N/A,3986.5,0.0
0,92300,STRAWBERRIES,3986,53,3985.0,122.0,N/A,N/A,3987,175,N/A,N/A,N/A,N/A,3986.5,0.0
0,92400,STRAWBERRIES,3986,63,3985.0,189.0,N/A,N/A,3987,252,N/A,N/A,N/A,N/A,3986.5,0.0
0,92500,STRAWBERRIES,3985,192,N/A,N/A,N/A,N/A,3987,192,N/A,N/A,N/A,N/A,3986.0,0.0
0,92600,STRAWBERRIES,3985,227,N/A,N/A,N/A,N/A,3987,227,N/A,N/A,N/A,N/A,3986.0,0.0
0,92700,STRAWBERRIES,3986,64,3985.0,125.0,N/A,N/A,3987,189,N/A,N/A,N/A,N/A,3986.5,0.0
0,92800,STRAWBERRIES,3986,210,N/A,N/A,N/A,N/A,3987,210,N/A,N/A,N/A,N/A,3986.5,0.0
0,92900,STRAWBERRIES,3986,70,3985.0,158.0,N/A,N/A,3987,228,N/A,N/A,N/A,N/A,3986.5,0.0
0,93000,STRAWBERRIES,3986,74,3985.0,156.0,N/A,N/A,3987,230,N/A,N/A,N/A,N/A,3986.5,0.0
0,93100,STRAWBERRIES,3985,244,N/A,N/A,N/A,N/A,3987,244,N/A,N/A,N/A,N/A,3986.0,0.0
0,93200,STRAWBERRIES,3986,245,N/A,N/A,N/A,N/A,3987,70,3988.0,175.0,N/A,N/A,3986.5,0.0
0,93300,STRAWBERRIES,3986,192,N/A,N/A,N/A,N/A,3987,192,N/A,N/A,N/A,N/A,3986.5,0.0
0,93400,STRAWBERRIES,3986,166,N/A,N/A,N/A,N/A,3987,166,N/A,N/A,N/A,N/A,3986.5,0.0
0,93500,STRAWBERRIES,3986,245,N/A,N/A,N/A,N/A,3987,71,3988.0,174.0,N/A,N/A,3986.5,0.0
0,93600,STRAWBERRIES,3986,211,N/A,N/A,N/A,N/A,3988,211,N/A,N/A,N/A,N/A,3987.0,0.0
0,93700,STRAWBERRIES,3987,187,N/A,N/A,N/A,N/A,3988,187,N/A,N/A,N/A,N/A,3987.5,0.0
0,93800,STRAWBERRIES,3987,227,N/A,N/A,N/A,N/A,3989,227,N/A,N/A,N/A,N/A,3988.0,0.0
0,93900,STRAWBERRIES,3988,259,N/A,N/A,N/A,N/A,3989,259,N/A,N/A,N/A,N/A,3988.5,0.0
0,94000,STRAWBERRIES,3988,262,N/A,N/A,N/A,N/A,3990,262,N/A,N/A,N/A,N/A,3989.0,0.0
0,94100,STRAWBERRIES,3989,74,3988.0,178.0,N/A,N/A,3990,252,N/A,N/A,N/A,N/A,3989.5,0.0
0,94200,STRAWBERRIES,3989,55,3988.0,147.0,N/A,N/A,3990,202,N/A,N/A,N/A,N/A,3989.5,0.0
0,94300,STRAWBERRIES,3988,253,N/A,N/A,N/A,N/A,3990,253,N/A,N/A,N/A,N/A,3989.0,0.0
0,94400,STRAWBERRIES,3989,194,N/A,N/A,N/A,N/A,3990,71,3991.0,123.0,N/A,N/A,3989.5,0.0
0,94500,STRAWBERRIES,3989,235,N/A,N/A,N/A,N/A,3990,235,N/A,N/A,N/A,N/A,3989.5,0.0
0,94600,STRAWBERRIES,3989,168,N/A,N/A,N/A,N/A,3991,175,N/A,N/A,N/A,N/A,3990.0,0.0
0,94700,STRAWBERRIES,3989,274,N/A,N/A,N/A,N/A,3991,274,N/A,N/A,N/A,N/A,3990.0,0.0
0,94800,STRAWBERRIES,3990,196,N/A,N/A,N/A,N/A,3991,196,N/A,N/A,N/A,N/A,3990.5,0.0
0,94900,STRAWBERRIES,3990,93,3989.0,130.0,N/A,N/A,3991,223,N/A,N/A,N/A,N/A,3990.5,0.0
0,95000,STRAWBERRIES,3990,181,N/A,N/A,N/A,N/A,3991,181,N/A,N/A,N/A,N/A,3990.5,0.0
0,95100,STRAWBERRIES,3990,164,N/A,N/A,N/A,N/A,3991,76,3992.0,100.0,N/A,N/A,3990.5,0.0
0,95200,STRAWBERRIES,3990,262,N/A,N/A,N/A,N/A,3991,87,3992.0,175.0,N/A,N/A,3990.5,0.0
0,95300,STRAWBERRIES,3991,67,3990.0,118.0,N/A,N/A,3992,185,N/A,N/A,N/A,N/A,3991.5,0.0
0,95400,STRAWBERRIES,3991,51,3990.0,120.0,N/A,N/A,3992,171,N/A,N/A,N/A,N/A,3991.5,0.0
0,95500,STRAWBERRIES,3991,212,N/A,N/A,N/A,N/A,3992,82,3993.0,130.0,N/A,N/A,3991.5,0.0
0,95600,STRAWBERRIES,3991,205,N/A,N/A,N/A,N/A,3992,87,3993.0,114.0,N/A,N/A,3991.5,0.0
0,95700,STRAWBERRIES,3991,275,N/A,N/A,N/A,N/A,3993,275,N/A,N/A,N/A,N/A,3992.0,0.0
0,95800,STRAWBERRIES,3992,68,3991.0,171.0,N/A,N/A,3993,239,N/A,N/A,N/A,N/A,3992.5,0.0
0,95900,STRAWBERRIES,3992,198,N/A,N/A,N/A,N/A,3993,198,N/A,N/A,N/A,N/A,3992.5,0.0
0,96000,STRAWBERRIES,3992,200,N/A,N/A,N/A,N/A,3993,200,N/A,N/A,N/A,N/A,3992.5,0.0
0,96100,STRAWBERRIES,3992,168,N/A,N/A,N/A,N/A,3994,168,N/A,N/A,N/A,N/A,3993.0,0.0
0,96200,STRAWBERRIES,3992,89,3991.0,128.0,N/A,N/A,3993,217,N/A,N/A,N/A,N/A,3992.5,0.0
0,96300,STRAWBERRIES,3992,208,N/A,N/A,N/A,N/A,3993,95,3994.0,113.0,N/A,N/A,3992.5,0.0
0,96400,STRAWBERRIES,3992,193,N/A,N/A,N/A,N/A,3994,193,N/A,N/A,N/A,N/A,3993.0,0.0
0,96500,STRAWBERRIES,3993,204,N/A,N/A,N/A,N/A,3995,204,N/A,N/A,N/A,N/A,3994.0,0.0
0,96600,STRAWBERRIES,3993,211,N/A,N/A,N/A,N/A,3994,79,3995.0,132.0,N/A,N/A,3993.5,0.0
0,96700,STRAWBERRIES,3993,258,N/A,N/A,N/A,N/A,3995,258,N/A,N/A,N/A,N/A,3994.0,0.0
0,96800,STRAWBERRIES,3993,89,3992.0,157.0,N/A,N/A,3994,246,N/A,N/A,N/A,N/A,3993.5,0.0
0,96900,STRAWBERRIES,3993,247,N/A,N/A,N/A,N/A,3994,247,N/A,N/A,N/A,N/A,3993.5,0.0
0,97000,STRAWBERRIES,3992,203,N/A,N/A,N/A,N/A,3994,203,N/A,N/A,N/A,N/A,3993.0,0.0
0,97100,STRAWBERRIES,3993,51,3992.0,160.0,N/A,N/A,3994,211,N/A,N/A,N/A,N/A,3993.5,0.0
0,97200,STRAWBERRIES,3993,5,3992.0,277.0,N/A,N/A,3994,277,N/A,N/A,N/A,N/A,3993.5,0.0
0,97300,STRAWBERRIES,3993,165,N/A,N/A,N/A,N/A,3995,176,N/A,N/A,N/A,N/A,3994.0,0.0
0,97400,STRAWBERRIES,3993,213,N/A,N/A,N/A,N/A,3995,220,N/A,N/A,N/A,N/A,3994.0,0.0
0,97500,STRAWBERRIES,3993,240,N/A,N/A,N/A,N/A,3995,240,N/A,N/A,N/A,N/A,3994.0,0.0
0,97600,STRAWBERRIES,3993,225,N/A,N/A,N/A,N/A,3995,225,N/A,N/A,N/A,N/A,3994.0,0.0
0,97700,STRAWBERRIES,3993,259,N/A,N/A,N/A,N/A,3994,67,3995.0,192.0,N/A,N/A,3993.5,0.0
0,97800,STRAWBERRIES,3993,55,3992.0,147.0,N/A,N/A,3994,202,N/A,N/A,N/A,N/A,3993.5,0.0
0,97900,STRAWBERRIES,3993,209,N/A,N/A,N/A,N/A,3994,209,N/A,N/A,N/A,N/A,3993.5,0.0
0,98000,STRAWBERRIES,3993,221,N/A,N/A,N/A,N/A,3995,221,N/A,N/A,N/A,N/A,3994.0,0.0
0,98100,STRAWBERRIES,3993,201,N/A,N/A,N/A,N/A,3994,92,3995.0,109.0,N/A,N/A,3993.5,0.0
0,98200,STRAWBERRIES,3993,204,N/A,N/A,N/A,N/A,3995,204,N/A,N/A,N/A,N/A,3994.0,0.0
0,98300,STRAWBERRIES,3993,190,N/A,N/A,N/A,N/A,3995,190,N/A,N/A,N/A,N/A,3994.0,0.0
0,98400,STRAWBERRIES,3993,242,N/A,N/A,N/A,N/A,3994,242,N/A,N/A,N/A,N/A,3993.5,0.0
0,98500,STRAWBERRIES,3993,152,N/A,N/A,N/A,N/A,3994,52,3995.0,100.0,N/A,N/A,3993.5,0.0
0,98600,STRAWBERRIES,3994,273,N/A,N/A,N/A,N/A,3995,273,N/A,N/A,N/A,N/A,3994.5,0.0
0,98700,STRAWBERRIES,3994,241,N/A,N/A,N/A,N/A,3995,73,3996.0,168.0,N/A,N/A,3994.5,0.0
0,98800,STRAWBERRIES,3994,200,N/A,N/A,N/A,N/A,3996,200,N/A,N/A,N/A,N/A,3995.0,0.0
0,98900,STRAWBERRIES,3994,189,N/A,N/A,N/A,N/A,3996,189,N/A,N/A,N/A,N/A,3995.0,0.0
0,99000,STRAWBERRIES,3994,254,N/A,N/A,N/A,N/A,3995,74,3996.0,180.0,N/A,N/A,3994.5,0.0
0,99100,STRAWBERRIES,3995,81,3994.0,148.0,N/A,N/A,3996,229,N/A,N/A,N/A,N/A,3995.5,0.0
0,99200,STRAWBERRIES,3995,60,3994.0,141.0,N/A,N/A,3996,201,N/A,N/A,N/A,N/A,3995.5,0.0
0,99300,STRAWBERRIES,3994,199,N/A,N/A,N/A,N/A,3996,199,N/A,N/A,N/A,N/A,3995.0,0.0
0,99400,STRAWBERRIES,3995,174,N/A,N/A,N/A,N/A,3996,59,3997.0,115.0,N/A,N/A,3995.5,0.0
0,99500,STRAWBERRIES,3995,210,N/A,N/A,N/A,N/A,3996,210,N/A,N/A,N/A,N/A,3995.5,0.0
0,99600,STRAWBERRIES,3995,215,N/A,N/A,N/A,N/A,3996,215,N/A,N/A,N/A,N/A,3995.5,0.0
0,99700,STRAWBERRIES,3995,197,N/A,N/A,N/A,N/A,3996,50,3997.0,147.0,N/A,N/A,3995.5,0.0
0,99800,STRAWBERRIES,3995,226,N/A,N/A,N/A,N/A,3997,226,N/A,N/A,N/A,N/A,3996.0,0.0
0,99900,STRAWBERRIES,3995,273,N/A,N/A,N/A,N/A,3997,273,N/A,N/A,N/A,N/A,3996.0,0.0
0,100000,STRAWBERRIES,3995,177,N/A,N/A,N/A,N/A,3997,177,N/A,N/A,N/A,N/A,3996.0,0.0
0,100100,STRAWBERRIES,3996,238,N/A,N/A,N/A,N/A,3997,77,3998.0,161.0,N/A,N/A,3996.5,0.0
0,100200,STRAWBERRIES,3997,81,3996.0,169.0,N/A,N/A,3998,250,N/A,N/A,N/A,N/A,3997.5,0.0
0,100300,STRAWBERRIES,3997,253,N/A,N/A,N/A,N/A,3998,253,N/A,N/A,N/A,N/A,3997.5,0.0
0,100400,STRAWBERRIES,3997,279,N/A,N/A,N/A,N/A,3999,279,N/A,N/A,N/A,N/A,3998.0,0.0
0,100500,STRAWBERRIES,3998,94,3997.0,135.0,N/A,N/A,3999,229,N/A,N/A,N/A,N/A,3998.5,0.0
0,100600,STRAWBERRIES,3998,94,3997.0,165.0,N/A,N/A,3999,259,N/A,N/A,N/A,N/A,3998.5,0.0
0,100700,STRAWBERRIES,3998,63,3997.0,134.0,N/A,N/A,3999,197,N/A,N/A,N/A,N/A,3998.5,0.0
0,100800,STRAWBERRIES,3999,56,3998.0,114.0,N/A,N/A,4000,170,N/A,N/A,N/A,N/A,3999.5,0.0
0,100900,STRAWBERRIES,3999,209,N/A,N/A,N/A,N/A,4001,209,N/A,N/A,N/A,N/A,4000.0,0.0
0,101000,STRAWBERRIES,4000,66,3999.0,108.0,N/A,N/A,4001,174,N/A,N/A,N/A,N/A,4000.5,0.0
0,101100,STRAWBERRIES,4000,243,N/A,N/A,N/A,N/A,4001,95,4002.0,137.0,N/A,N/A,4000.5,0.0
0,101200,STRAWBERRIES,3999,197,N/A,N/A,N/A,N/A,4001,197,N/A,N/A,N/A,N/A,4000.0,0.0
0,101300,STRAWBERRIES,3999,288,N/A,N/A,N/A,N/A,4000,91,4001.0,197.0,N/A,N/A,3999.5,0.0
0,101400,STRAWBERRIES,3999,264,N/A,N/A,N/A,N/A,4001,264,N/A,N/A,N/A,N/A,4000.0,0.0
0,101500,STRAWBERRIES,4000,85,3999.0,184.0,N/A,N/A,4001,278,N/A,N/A,N/A,N/A,4000.5,0.0
0,101600,STRAWBERRIES,3998,226,N/A,N/A,N/A,N/A,3999,85,4000.0,141.0,N/A,N/A,3998.5,0.0
0,101700,STRAWBERRIES,3998,184,N/A,N/A,N/A,N/A,3999,54,4000.0,130.0,N/A,N/A,3998.5,0.0
0,101800,STRAWBERRIES,3997,246,N/A,N/A,N/A,N/A,3998,100,3999.0,146.0,N/A,N/A,3997.5,0.0
0,101900,STRAWBERRIES,3997,94,3996.0,103.0,N/A,N/A,3998,197,N/A,N/A,N/A,N/A,3997.5,0.0
0,102000,STRAWBERRIES,3996,245,N/A,N/A,N/A,N/A,3997,97,3998.0,148.0,N/A,N/A,3996.5,0.0
0,102100,STRAWBERRIES,3996,159,N/A,N/A,N/A,N/A,3997,57,3998.0,102.0,N/A,N/A,3996.5,0.0
0,102200,STRAWBERRIES,3996,78,3995.0,192.0,N/A,N/A,3997,270,N/A,N/A,N/A,N/A,3996.5,0.0
0,102300,STRAWBERRIES,3996,72,3995.0,118.0,N/A,N/A,3997,190,N/A,N/A,N/A,N/A,3996.5,0.0
0,102400,STRAWBERRIES,3996,250,N/A,N/A,N/A,N/A,3997,250,N/A,N/A,N/A,N/A,3996.5,0.0
0,102500,STRAWBERRIES,3996,72,3995.0,115.0,N/A,N/A,3997,187,N/A,N/A,N/A,N/A,3996.5,0.0
0,102600,STRAWBERRIES,3996,270,N/A,N/A,N/A,N/A,3998,270,N/A,N/A,N/A,N/A,3997.0,0.0
0,102700,STRAWBERRIES,3997,73,3996.0,153.0,N/A,N/A,3998,226,N/A,N/A,N/A,N/A,3997.5,0.0
0,102800,STRAWBERRIES,3996,250,N/A,N/A,N/A,N/A,3998,250,N/A,N/A,N/A,N/A,3997.0,0.0
0,102900,STRAWBERRIES,3996,286,N/A,N/A,N/A,N/A,3997,286,N/A,N/A,N/A,N/A,3996.5,0.0
0,103000,STRAWBERRIES,3996,77,3995.0,101.0,N/A,N/A,3997,178,N/A,N/A,N/A,N/A,3996.5,0.0
0,103100,STRAWBERRIES,3996,245,N/A,N/A,N/A,N/A,3998,245,N/A,N/A,N/A,N/A,3997.0,0.0
0,103200,STRAWBERRIES,3996,178,N/A,N/A,N/A,N/A,3997,187,N/A,N/A,N/A,N/A,3996.5,0.0
0,103300,STRAWBERRIES,3996,235,N/A,N/A,N/A,N/A,3998,235,N/A,N/A,N/A,N/A,3997.0,0.0
0,103400,STRAWBERRIES,3996,236,N/A,N/A,N/A,N/A,3998,236,N/A,N/A,N/A,N/A,3997.0,0.0
0,103500,STRAWBERRIES,3997,227,N/A,N/A,N/A,N/A,3998,227,N/A,N/A,N/A,N/A,3997.5,0.0
0,103600,STRAWBERRIES,3997,60,3996.0,178.0,N/A,N/A,3998,238,N/A,N/A,N/A,N/A,3997.5,0.0
0,103700,STRAWBERRIES,3997,223,N/A,N/A,N/A,N/A,3998,66,3999.0,157.0,N/A,N/A,3997.5,0.0
0,103800,STRAWBERRIES,3997,88,3996.0,165.0,N/A,N/A,3998,253,N/A,N/A,N/A,N/A,3997.5,0.0
0,103900,STRAWBERRIES,3997,155,N/A,N/A,N/A,N/A,3998,152,N/A,N/A,N/A,N/A,3997.5,0.0
0,104000,STRAWBERRIES,3997,221,N/A,N/A,N/A,N/A,3999,221,N/A,N/A,N/A,N/A,3998.0,0.0
0,104100,STRAWBERRIES,3998,73,3997.0,128.0,N/A,N/A,3999,201,N/A,N/A,N/A,N/A,3998.5,0.0
0,104200,STRAWBERRIES,3998,4,3997.0,177.0,N/A,N/A,3999,177,N/A,N/A,N/A,N/A,3998.5,0.0
0,104300,STRAWBERRIES,3998,71,3997.0,106.0,N/A,N/A,3999,177,N/A,N/A,N/A,N/A,3998.5,0.0
0,104400,STRAWBERRIES,3998,172,N/A,N/A,N/A,N/A,4000,180,N/A,N/A,N/A,N/A,3999.0,0.0
0,104500,STRAWBERRIES,3998,227,N/A,N/A,N/A,N/A,4000,227,N/A,N/A,N/A,N/A,3999.0,0.0
0,104600,STRAWBERRIES,3998,275,N/A,N/A,N/A,N/A,3999,92,4000.0,183.0,N/A,N/A,3998.5,0.0
0,104700,STRAWBERRIES,3998,55,3997.0,181.0,N/A,N/A,3999,236,N/A,N/A,N/A,N/A,3998.5,0.0
0,104800,STRAWBERRIES,3997,215,N/A,N/A,N/A,N/A,3999,215,N/A,N/A,N/A,N/A,3998.0,0.0
0,104900,STRAWBERRIES,3997,172,N/A,N/A,N/A,N/A,3998,172,N/A,N/A,N/A,N/A,3997.5,0.0
0,105000,STRAWBERRIES,3996,197,N/A,N/A,N/A,N/A,3998,197,N/A,N/A,N/A,N/A,3997.0,0.0
0,105100,STRAWBERRIES,3997,221,N/A,N/A,N/A,N/A,3999,221,N/A,N/A,N/A,N/A,3998.0,0.0
0,105200,STRAWBERRIES,3997,236,N/A,N/A,N/A,N/A,3998,236,N/A,N/A,N/A,N/A,3997.5,0.0
0,105300,STRAWBERRIES,3997,265,N/A,N/A,N/A,N/A,3999,265,N/A,N/A,N/A,N/A,3998.0,0.0
0,105400,STRAWBERRIES,3997,264,N/A,N/A,N/A,N/A,3999,264,N/A,N/A,N/A,N/A,3998.0,0.0
0,105500,STRAWBERRIES,3998,165,N/A,N/A,N/A,N/A,3999,165,N/A,N/A,N/A,N/A,3998.5,0.0
0,105600,STRAWBERRIES,3998,175,N/A,N/A,N/A,N/A,3999,175,N/A,N/A,N/A,N/A,3998.5,0.0
0,105700,STRAWBERRIES,3997,188,N/A,N/A,N/A,N/A,3999,188,N/A,N/A,N/A,N/A,3998.0,0.0
0,105800,STRAWBERRIES,3998,167,N/A,N/A,N/A,N/A,4000,167,N/A,N/A,N/A,N/A,3999.0,0.0
0,105900,STRAWBERRIES,3998,213,N/A,N/A,N/A,N/A,4000,213,N/A,N/A,N/A,N/A,3999.0,0.0
0,106000,STRAWBERRIES,3999,183,N/A,N/A,N/A,N/A,4000,51,4001.0,132.0,N/A,N/A,3999.5,0.0
0,106100,STRAWBERRIES,3999,256,N/A,N/A,N/A,N/A,4000,70,4001.0,186.0,N/A,N/A,3999.5,0.0
0,106200,STRAWBERRIES,3999,194,N/A,N/A,N/A,N/A,4001,194,N/A,N/A,N/A,N/A,4000.0,0.0
0,106300,STRAWBERRIES,3999,256,N/A,N/A,N/A,N/A,4001,262,N/A,N/A,N/A,N/A,4000.0,0.0
0,106400,STRAWBERRIES,3999,211,N/A,N/A,N/A,N/A,4000,69,4001.0,142.0,N/A,N/A,3999.5,0.0
0,106500,STRAWBERRIES,3999,53,3998.0,194.0,N/A,N/A,4000,247,N/A,N/A,N/A,N/A,3999.5,0.0
0,106600,STRAWBERRIES,3999,257,N/A,N/A,N/A,N/A,4001,257,N/A,N/A,N/A,N/A,4000.0,0.0
0,106700,STRAWBERRIES,3999,261,N/A,N/A,N/A,N/A,4000,261,N/A,N/A,N/A,N/A,3999.5,0.0
0,106800,STRAWBERRIES,3999,168,N/A,N/A,N/A,N/A,4001,168,N/A,N/A,N/A,N/A,4000.0,0.0
0,106900,STRAWBERRIES,3999,199,N/A,N/A,N/A,N/A,4001,199,N/A,N/A,N/A,N/A,4000.0,0.0
0,107000,STRAWBERRIES,3999,194,N/A,N/A,N/A,N/A,4000,87,4001.0,107.0,N/A,N/A,3999.5,0.0
0,107100,STRAWBERRIES,3999,184,N/A,N/A,N/A,N/A,4001,177,N/A,N/A,N/A,N/A,4000.0,0.0
0,107200,STRAWBERRIES,3999,246,N/A,N/A,N/A,N/A,4000,246,N/A,N/A,N/A,N/A,3999.5,0.0
0,107300,STRAWBERRIES,3999,238,N/A,N/A,N/A,N/A,4001,230,N/A,N/A,N/A,N/A,4000.0,0.0
0,107400,STRAWBERRIES,4000,10,3999.0,208.0,N/A,N/A,4001,208,N/A,N/A,N/A,N/A,4000.5,0.0
0,107500,STRAWBERRIES,4000,7,3999.0,175.0,N/A,N/A,4001,175,N/A,N/A,N/A,N/A,4000.5,0.0
0,107600,STRAWBERRIES,4000,180,N/A,N/A,N/A,N/A,4001,180,N/A,N/A,N/A,N/A,4000.5,0.0
0,107700,STRAWBERRIES,4000,96,3999.0,153.0,N/A,N/A,4001,249,N/A,N/A,N/A,N/A,4000.5,0.0
0,107800,STRAWBERRIES,4000,204,N/A,N/A,N/A,N/A,4002,204,N/A,N/A,N/A,N/A,4001.0,0.0
0,107900,STRAWBERRIES,4001,77,4000.0,106.0,N/A,N/A,4002,171,N/A,N/A,N/A,N/A,4001.5,0.0
0,108000,STRAWBERRIES,4000,280,N/A,N/A,N/A,N/A,4002,280,N/A,N/A,N/A,N/A,4001.0,0.0
0,108100,STRAWBERRIES,4000,216,N/A,N/A,N/A,N/A,4002,216,N/A,N/A,N/A,N/A,4001.0,0.0
0,108200,STRAWBERRIES,4000,210,N/A,N/A,N/A,N/A,4001,58,4002.0,152.0,N/A,N/A,4000.5,0.0
0,108300,STRAWBERRIES,3999,233,N/A,N/A,N/A,N/A,4001,245,N/A,N/A,N/A,N/A,4000.0,0.0
0,108400,STRAWBERRIES,3999,218,N/A,N/A,N/A,N/A,4000,9,4001.0,218.0,N/A,N/A,3999.5,0.0
0,108500,STRAWBERRIES,3999,172,N/A,N/A,N/A,N/A,4001,172,N/A,N/A,N/A,N/A,4000.0,0.0
0,108600,STRAWBERRIES,4000,87,3999.0,191.0,N/A,N/A,4001,278,N/A,N/A,N/A,N/A,4000.5,0.0
0,108700,STRAWBERRIES,4000,276,N/A,N/A,N/A,N/A,4001,93,4002.0,183.0,N/A,N/A,4000.5,0.0
0,108800,STRAWBERRIES,3999,249,N/A,N/A,N/A,N/A,4001,249,N/A,N/A,N/A,N/A,4000.0,0.0
0,108900,STRAWBERRIES,3999,273,N/A,N/A,N/A,N/A,4001,273,N/A,N/A,N/A,N/A,4000.0,0.0
0,109000,STRAWBERRIES,3999,237,N/A,N/A,N/A,N/A,4001,237,N/A,N/A,N/A,N/A,4000.0,0.0
0,109100,STRAWBERRIES,3999,82,3998.0,144.0,N/A,N/A,4000,226,N/A,N/A,N/A,N/A,3999.5,0.0
0,109200,STRAWBERRIES,3999,226,N/A,N/A,N/A,N/A,4000,226,N/A,N/A,N/A,N/A,3999.5,0.0
0,109300,STRAWBERRIES,3999,176,N/A,N/A,N/A,N/A,4000,176,N/A,N/A,N/A,N/A,3999.5,0.0
0,109400,STRAWBERRIES,3999,79,3998.0,118.0,N/A,N/A,4000,197,N/A,N/A,N/A,N/A,3999.5,0.0
0,109500,STRAWBERRIES,3999,191,N/A,N/A,N/A,N/A,4001,184,N/A,N/A,N/A,N/A,4000.0,0.0
0,109600,STRAWBERRIES,3999,186,N/A,N/A,N/A,N/A,4001,186,N/A,N/A,N/A,N/A,4000.0,0.0
0,109700,STRAWBERRIES,4000,227,N/A,N/A,N/A,N/A,4002,221,N/A,N/A,N/A,N/A,4001.0,0.0
0,109800,STRAWBERRIES,4000,216,N/A,N/A,N/A,N/A,4001,216,N/A,N/A,N/A,N/A,4000.5,0.0
0,109900,STRAWBERRIES,4000,189,N/A,N/A,N/A,N/A,4001,72,4002.0,117.0,N/A,N/A,4000.5,0.0
0,110000,STRAWBERRIES,4001,70,4000.0,172.0,N/A,N/A,4002,242,N/A,N/A,N/A,N/A,4001.5,0.0
0,110100,STRAWBERRIES,4000,245,N/A,N/A,N/A,N/A,4002,245,N/A,N/A,N/A,N/A,4001.0,0.0
0,110200,STRAWBERRIES,4000,205,N/A,N/A,N/A,N/A,4001,11,4002.0,205.0,N/A,N/A,4000.5,0.0
0,110300,STRAWBERRIES,4000,183,N/A,N/A,N/A,N/A,4001,183,N/A,N/A,N/A,N/A,4000.5,0.0
0,110400,STRAWBERRIES,4000,202,N/A,N/A,N/A,N/A,4001,202,N/A,N/A,N/A,N/A,4000.5,0.0
0,110500,STRAWBERRIES,3999,226,N/A,N/A,N/A,N/A,4001,226,N/A,N/A,N/A,N/A,4000.0,0.0
0,110600,STRAWBERRIES,3999,161,N/A,N/A,N/A,N/A,4001,161,N/A,N/A,N/A,N/A,4000.0,0.0
0,110700,STRAWBERRIES,3999,256,N/A,N/A,N/A,N/A,4001,256,N/A,N/A,N/A,N/A,4000.0,0.0
0,110800,STRAWBERRIES,4000,242,N/A,N/A,N/A,N/A,4001,242,N/A,N/A,N/A,N/A,4000.5,0.0
0,110900,STRAWBERRIES,4000,199,N/A,N/A,N/A,N/A,4001,199,N/A,N/A,N/A,N/A,4000.5,0.0
0,111000,STRAWBERRIES,4000,54,3999.0,156.0,N/A,N/A,4001,210,N/A,N/A,N/A,N/A,4000.5,0.0
0,111100,STRAWBERRIES,4000,77,3999.0,111.0,N/A,N/A,4001,188,N/A,N/A,N/A,N/A,4000.5,0.0
0,111200,STRAWBERRIES,3999,246,N/A,N/A,N/A,N/A,4001,246,N/A,N/A,N/A,N/A,4000.0,0.0
0,111300,STRAWBERRIES,4000,166,N/A,N/A,N/A,N/A,4001,166,N/A,N/A,N/A,N/A,4000.5,0.0
0,111400,STRAWBERRIES,4000,254,N/A,N/A,N/A,N/A,4002,254,N/A,N/A,N/A,N/A,4001.0,0.0
0,111500,STRAWBERRIES,4001,221,N/A,N/A,N/A,N/A,4002,68,4003.0,153.0,N/A,N/A,4001.5,0.0
0,111600,STRAWBERRIES,4001,259,N/A,N/A,N/A,N/A,4002,82,4003.0,177.0,N/A,N/A,4001.5,0.0
0,111700,STRAWBERRIES,4001,203,N/A,N/A,N/A,N/A,4003,203,N/A,N/A,N/A,N/A,4002.0,0.0
0,111800,STRAWBERRIES,4001,163,N/A,N/A,N/A,N/A,4002,56,4003.0,107.0,N/A,N/A,4001.5,0.0
0,111900,STRAWBERRIES,4001,174,N/A,N/A,N/A,N/A,4002,61,4003.0,113.0,N/A,N/A,4001.5,0.0
0,112000,STRAWBERRIES,4001,242,N/A,N/A,N/A,N/A,4002,242,N/A,N/A,N/A,N/A,4001.5,0.0
0,112100,STRAWBERRIES,4001,62,4000.0,185.0,N/A,N/A,4002,247,N/A,N/A,N/A,N/A,4001.5,0.0
0,112200,STRAWBERRIES,4001,239,N/A,N/A,N/A,N/A,4003,239,N/A,N/A,N/A,N/A,4002.0,0.0
0,112300,STRAWBERRIES,4001,297,N/A,N/A,N/A,N/A,4003,297,N/A,N/A,N/A,N/A,4002.0,0.0
0,112400,STRAWBERRIES,4002,192,N/A,N/A,N/A,N/A,4003,192,N/A,N/A,N/A,N/A,4002.5,0.0
0,112500,STRAWBERRIES,4001,257,N/A,N/A,N/A,N/A,4003,257,N/A,N/A,N/A,N/A,4002.0,0.0
0,112600,STRAWBERRIES,4001,190,N/A,N/A,N/A,N/A,4003,190,N/A,N/A,N/A,N/A,4002.0,0.0
0,112700,STRAWBERRIES,4001,54,4000.0,131.0,N/A,N/A,4002,185,N/A,N/A,N/A,N/A,4001.5,0.0
0,112800,STRAWBERRIES,4000,256,N/A,N/A,N/A,N/A,4002,256,N/A,N/A,N/A,N/A,4001.0,0.0
0,112900,STRAWBERRIES,4001,225,N/A,N/A,N/A,N/A,4002,75,4003.0,150.0,N/A,N/A,4001.5,0.0
0,113000,STRAWBERRIES,4001,213,N/A,N/A,N/A,N/A,4003,213,N/A,N/A,N/A,N/A,4002.0,0.0
0,113100,STRAWBERRIES,4001,253,N/A,N/A,N/A,N/A,4003,253,N/A,N/A,N/A,N/A,4002.0,0.0
0,113200,STRAWBERRIES,4002,186,N/A,N/A,N/A,N/A,4003,86,4004.0,100.0,N/A,N/A,4002.5,0.0
0,113300,STRAWBERRIES,4002,179,N/A,N/A,N/A,N/A,4004,179,N/A,N/A,N/A,N/A,4003.0,0.0
0,113400,STRAWBERRIES,4002,72,4001.0,189.0,N/A,N/A,4003,261,N/A,N/A,N/A,N/A,4002.5,0.0
0,113500,STRAWBERRIES,4001,211,N/A,N/A,N/A,N/A,4003,211,N/A,N/A,N/A,N/A,4002.0,0.0
0,113600,STRAWBERRIES,4002,58,4001.0,176.0,N/A,N/A,4003,234,N/A,N/A,N/A,N/A,4002.5,0.0
0,113700,STRAWBERRIES,4002,260,N/A,N/A,N/A,N/A,4003,85,4004.0,175.0,N/A,N/A,4002.5,0.0
0,113800,STRAWBERRIES,4002,62,4001.0,138.0,N/A,N/A,4003,200,N/A,N/A,N/A,N/A,4002.5,0.0
0,113900,STRAWBERRIES,4002,162,N/A,N/A,N/A,N/A,4004,162,N/A,N/A,N/A,N/A,4003.0,0.0
0,114000,STRAWBERRIES,4002,229,N/A,N/A,N/A,N/A,4004,229,N/A,N/A,N/A,N/A,4003.0,0.0
0,114100,STRAWBERRIES,4003,74,4002.0,125.0,N/A,N/A,4004,203,N/A,N/A,N/A,N/A,4003.5,0.0
0,114200,STRAWBERRIES,4002,222,N/A,N/A,N/A,N/A,4004,222,N/A,N/A,N/A,N/A,4003.0,0.0
0,114300,STRAWBERRIES,4002,199,N/A,N/A,N/A,N/A,4004,199,N/A,N/A,N/A,N/A,4003.0,0.0
0,114400,STRAWBERRIES,4003,270,N/A,N/A,N/A,N/A,4004,270,N/A,N/A,N/A,N/A,4003.5,0.0
0,114500,STRAWBERRIES,4003,67,4002.0,168.0,N/A,N/A,4004,235,N/A,N/A,N/A,N/A,4003.5,0.0
0,114600,STRAWBERRIES,4002,204,N/A,N/A,N/A,N/A,4004,204,N/A,N/A,N/A,N/A,4003.0,0.0
0,114700,STRAWBERRIES,4003,194,N/A,N/A,N/A,N/A,4004,194,N/A,N/A,N/A,N/A,4003.5,0.0
0,114800,STRAWBERRIES,4003,257,N/A,N/A,N/A,N/A,4004,65,4005.0,192.0,N/A,N/A,4003.5,0.0
0,114900,STRAWBERRIES,4003,284,N/A,N/A,N/A,N/A,4004,284,N/A,N/A,N/A,N/A,4003.5,0.0
0,115000,STRAWBERRIES,4003,93,4002.0,144.0,N/A,N/A,4004,237,N/A,N/A,N/A,N/A,4003.5,0.0
0,115100,STRAWBERRIES,4003,269,N/A,N/A,N/A,N/A,4004,269,N/A,N/A,N/A,N/A,4003.5,0.0
0,115200,STRAWBERRIES,4002,161,N/A,N/A,N/A,N/A,4004,161,N/A,N/A,N/A,N/A,4003.0,0.0
0,115300,STRAWBERRIES,4003,184,N/A,N/A,N/A,N/A,4004,184,N/A,N/A,N/A,N/A,4003.5,0.0
0,115400,STRAWBERRIES,4003,263,N/A,N/A,N/A,N/A,4004,95,4005.0,168.0,N/A,N/A,4003.5,0.0
0,115500,STRAWBERRIES,4003,156,N/A,N/A,N/A,N/A,4005,156,N/A,N/A,N/A,N/A,4004.0,0.0
0,115600,STRAWBERRIES,4004,81,4003.0,193.0,N/A,N/A,4005,274,N/A,N/A,N/A,N/A,4004.5,0.0
0,115700,STRAWBERRIES,4005,67,4004.0,118.0,N/A,N/A,4006,185,N/A,N/A,N/A,N/A,4005.5,0.0
0,115800,STRAWBERRIES,4005,190,N/A,N/A,N/A,N/A,4006,181,N/A,N/A,N/A,N/A,4005.5,0.0
0,115900,STRAWBERRIES,4005,80,4004.0,100.0,N/A,N/A,4006,180,N/A,N/A,N/A,N/A,4005.5,0.0
0,116000,STRAWBERRIES,4005,162,N/A,N/A,N/A,N/A,4006,162,N/A,N/A,N/A,N/A,4005.5,0.0
0,116100,STRAWBERRIES,4005,258,N/A,N/A,N/A,N/A,4006,258,N/A,N/A,N/A,N/A,4005.5,0.0
0,116200,STRAWBERRIES,4004,200,N/A,N/A,N/A,N/A,4006,200,N/A,N/A,N/A,N/A,4005.0,0.0
0,116300,STRAWBERRIES,4004,201,N/A,N/A,N/A,N/A,4005,201,N/A,N/A,N/A,N/A,4004.5,0.0
0,116400,STRAWBERRIES,4003,172,N/A,N/A,N/A,N/A,4005,172,N/A,N/A,N/A,N/A,4004.0,0.0
0,116500,STRAWBERRIES,4003,256,N/A,N/A,N/A,N/A,4005,256,N/A,N/A,N/A,N/A,4004.0,0.0
0,116600,STRAWBERRIES,4003,170,N/A,N/A,N/A,N/A,4004,67,4005.0,103.0,N/A,N/A,4003.5,0.0
0,116700,STRAWBERRIES,4004,96,4003.0,101.0,N/A,N/A,4005,197,N/A,N/A,N/A,N/A,4004.5,0.0
0,116800,STRAWBERRIES,4003,184,N/A,N/A,N/A,N/A,4004,11,4005.0,184.0,N/A,N/A,4003.5,0.0
0,116900,STRAWBERRIES,4003,256,N/A,N/A,N/A,N/A,4005,256,N/A,N/A,N/A,N/A,4004.0,0.0
0,117000,STRAWBERRIES,4004,61,4003.0,153.0,N/A,N/A,4005,214,N/A,N/A,N/A,N/A,4004.5,0.0
0,117100,STRAWBERRIES,4004,250,N/A,N/A,N/A,N/A,4006,250,N/A,N/A,N/A,N/A,4005.0,0.0
0,117200,STRAWBERRIES,4004,213,N/A,N/A,N/A,N/A,4006,213,N/A,N/A,N/A,N/A,4005.0,0.0
0,117300,STRAWBERRIES,4004,244,N/A,N/A,N/A,N/A,4006,244,N/A,N/A,N/A,N/A,4005.0,0.0
0,117400,STRAWBERRIES,4005,97,4004.0,119.0,N/A,N/A,4006,216,N/A,N/A,N/A,N/A,4005.5,0.0
0,117500,STRAWBERRIES,4005,233,N/A,N/A,N/A,N/A,4006,233,N/A,N/A,N/A,N/A,4005.5,0.0
0,117600,STRAWBERRIES,4005,67,4004.0,198.0,N/A,N/A,4006,265,N/A,N/A,N/A,N/A,4005.5,0.0
0,117700,STRAWBERRIES,4004,277,N/A,N/A,N/A,N/A,4006,277,N/A,N/A,N/A,N/A,4005.0,0.0
0,117800,STRAWBERRIES,4004,216,N/A,N/A,N/A,N/A,4005,90,4006.0,126.0,N/A,N/A,4004.5,0.0
0,117900,STRAWBERRIES,4004,86,4003.0,126.0,N/A,N/A,4005,212,N/A,N/A,N/A,N/A,4004.5,0.0
0,118000,STRAWBERRIES,4004,174,N/A,N/A,N/A,N/A,4005,174,N/A,N/A,N/A,N/A,4004.5,0.0
0,118100,STRAWBERRIES,4004,221,N/A,N/A,N/A,N/A,4005,221,N/A,N/A,N/A,N/A,4004.5,0.0
0,118200,STRAWBERRIES,4004,58,4003.0,108.0,N/A,N/A,4005,166,N/A,N/A,N/A,N/A,4004.5,0.0
0,118300,STRAWBERRIES,4004,242,N/A,N/A,N/A,N/A,4005,74,4006.0,168.0,N/A,N/A,4004.5,0.0
0,118400,STRAWBERRIES,4004,197,N/A,N/A,N/A,N/A,4006,197,N/A,N/A,N/A,N/A,4005.0,0.0
0,118500,STRAWBERRIES,4005,70,4004.0,105.0,N/A,N/A,4006,175,N/A,N/A,N/A,N/A,4005.5,0.0
0,118600,STRAWBERRIES,4005,86,4004.0,101.0,N/A,N/A,4006,187,N/A,N/A,N/A,N/A,4005.5,0.0
0,118700,STRAWBERRIES,4005,256,N/A,N/A,N/A,N/A,4007,256,N/A,N/A,N/A,N/A,4006.0,0.0
0,118800,STRAWBERRIES,4005,195,N/A,N/A,N/A,N/A,4006,63,4007.0,132.0,N/A,N/A,4005.5,0.0
0,118900,STRAWBERRIES,4005,180,N/A,N/A,N/A,N/A,4007,173,N/A,N/A,N/A,N/A,4006.0,0.0
0,119000,STRAWBERRIES,4005,173,N/A,N/A,N/A,N/A,4006,56,4007.0,117.0,N/A,N/A,4005.5,0.0
