day,timestamp,product,bid_price_1,bid_volume_1,bid_price_2,bid_volume_2,bid_price_3,bid_volume_3,ask_price_1,ask_volume_1,ask_price_2,ask_volume_2,ask_price_3,ask_volume_3,mid_price,profit_and_loss
0,0,CHOCOLATE,7999,111,N/A,N/A,N/A,N/A,8001,111,N/A,N/A,N/A,N/A,8000.0,0.0
0,100,CHOCOLATE,8001,52,8000.0,95.0,N/A,N/A,8002,147,N/A,N/A,N/A,N/A,8001.5,0.0
0,200,CHOCOLATE,8000,152,N/A,N/A,N/A,N/A,8002,152,N/A,N/A,N/A,N/A,8001.0,0.0
0,300,CHOCOLATE,8002,44,8001.0,84.0,N/A,N/A,8003,128,N/A,N/A,N/A,N/A,8002.5,0.0
0,400,CHOCOLATE,8001,118,N/A,N/A,N/A,N/A,8003,118,N/A,N/A,N/A,N/A,8002.0,0.0
0,500,CHOCOLATE,8001,98,N/A,N/A,N/A,N/A,8002,40,8003.0,58.0,N/A,N/A,8001.5,0.0
0,600,CHOCOLATE,8001,109,N/A,N/A,N/A,N/A,8003,109,N/A,N/A,N/A,N/A,8002.0,0.0
0,700,CHOCOLATE,8003,52,8002.0,74.0,N/A,N/A,8004,52,8005.0,74.0,N/A,N/A,8003.5,0.0
0,800,CHOCOLATE,8002,94,N/A,N/A,N/A,N/A,8003,35,8004.0,59.0,N/A,N/A,8002.5,0.0
0,900,CHOCOLATE,8002,94,N/A,N/A,N/A,N/A,8003,38,8004.0,56.0,N/A,N/A,8002.5,0.0
0,1000,CHOCOLATE,8002,55,8001.0,67.0,N/A,N/A,8003,55,8004.0,67.0,N/A,N/A,8002.5,0.0
0,1100,CHOCOLATE,8001,61,8000.0,99.0,N/A,N/A,8002,61,8003.0,99.0,N/A,N/A,8001.5,0.0
0,1200,CHOCOLATE,7998,113,N/A,N/A,N/A,N/A,7999,40,8000.0,73.0,N/A,N/A,7998.5,0.0
0,1300,CHOCOLATE,8000,50,7999.0,63.0,N/A,N/A,8001,57,8002.0,63.0,N/A,N/A,8000.5,0.0
0,1400,CHOCOLATE,7999,135,N/A,N/A,N/A,N/A,8001,135,N/A,N/A,N/A,N/A,8000.0,0.0
0,1500,CHOCOLATE,7999,46,7998.0,90.0,N/A,N/A,8000,46,8001.0,90.0,N/A,N/A,7999.5,0.0
0,1600,CHOCOLATE,7998,149,N/A,N/A,N/A,N/A,7999,60,8000.0,89.0,N/A,N/A,7998.5,0.0
0,1700,CHOCOLATE,7998,42,7997.0,59.0,N/A,N/A,7999,42,8000.0,59.0,N/A,N/A,7998.5,0.0
0,1800,CHOCOLATE,7999,58,7998.0,78.0,N/A,N/A,8000,58,8001.0,78.0,N/A,N/A,7999.5,0.0
0,1900,CHOCOLATE,8001,58,8000.0,76.0,N/A,N/A,8002,58,8003.0,76.0,N/A,N/A,8001.5,0.0
0,2000,CHOCOLATE,8001,112,N/A,N/A,N/A,N/A,8002,51,8003.0,61.0,N/A,N/A,8001.5,0.0
0,2100,CHOCOLATE,8000,56,7999.0,83.0,N/A,N/A,8001,139,N/A,N/A,N/A,N/A,8000.5,0.0
0,2200,CHOCOLATE,7999,108,N/A,N/A,N/A,N/A,8001,108,N/A,N/A,N/A,N/A,8000.0,0.0
0,2300,CHOCOLATE,8000,53,7999.0,94.0,N/A,N/A,8001,147,N/A,N/A,N/A,N/A,8000.5,0.0
0,2400,CHOCOLATE,8000,38,7999.0,65.0,N/A,N/A,8001,38,8002.0,65.0,N/A,N/A,8000.5,0.0
0,2500,CHOCOLATE,8000,135,N/A,N/A,N/A,N/A,8002,135,N/A,N/A,N/A,N/A,8001.0,0.0
0,2600,CHOCOLATE,8002,130,N/A,N/A,N/A,N/A,8004,130,N/A,N/A,N/A,N/A,8003.0,0.0
0,2700,CHOCOLATE,8001,144,N/A,N/A,N/A,N/A,8002,61,8003.0,83.0,N/A,N/A,8001.5,0.0
0,2800,CHOCOLATE,8001,148,N/A,N/A,N/A,N/A,8003,148,N/A,N/A,N/A,N/A,8002.0,0.0
0,2900,CHOCOLATE,8002,103,N/A,N/A,N/A,N/A,8004,103,N/A,N/A,N/A,N/A,8003.0,0.0
0,3000,CHOCOLATE,8002,44,8001.0,59.0,N/A,N/A,8003,44,8004.0,59.0,N/A,N/A,8002.5,0.0
0,3100,CHOCOLATE,8002,127,N/A,N/A,N/A,N/A,8003,46,8004.0,81.0,N/A,N/A,8002.5,0.0
0,3200,CHOCOLATE,8003,137,N/A,N/A,N/A,N/A,8005,137,N/A,N/A,N/A,N/A,8004.0,0.0
0,3300,CHOCOLATE,8004,49,8003.0,74.0,N/A,N/A,8005,49,8006.0,74.0,N/A,N/A,8004.5,0.0
0,3400,CHOCOLATE,8003,42,8002.0,83.0,N/A,N/A,8004,120,N/A,N/A,N/A,N/A,8003.5,0.0
0,3500,CHOCOLATE,8003,107,N/A,N/A,N/A,N/A,8005,107,N/A,N/A,N/A,N/A,8004.0,0.0
0,3600,CHOCOLATE,8003,142,N/A,N/A,N/A,N/A,8005,142,N/A,N/A,N/A,N/A,8004.0,0.0
0,3700,CHOCOLATE,8002,132,N/A,N/A,N/A,N/A,8004,132,N/A,N/A,N/A,N/A,8003.0,0.0
0,3800,CHOCOLATE,8001,110,N/A,N/A,N/A,N/A,8003,110,N/A,N/A,N/A,N/A,8002.0,0.0
0,3900,CHOCOLATE,8001,43,8000.0,95.0,N/A,N/A,8002,43,8003.0,95.0,N/A,N/A,8001.5,0.0
0,4000,CHOCOLATE,8002,138,N/A,N/A,N/A,N/A,8004,138,N/A,N/A,N/A,N/A,8003.0,0.0
0,4100,CHOCOLATE,8000,145,N/A,N/A,N/A,N/A,8002,145,N/A,N/A,N/A,N/A,8001.0,0.0
0,4200,CHOCOLATE,8000,130,N/A,N/A,N/A,N/A,8002,130,N/A,N/A,N/A,N/A,8001.0,0.0
0,4300,CHOCOLATE,7998,39,7997.0,65.0,N/A,N/A,7999,39,8000.0,65.0,N/A,N/A,7998.5,0.0
0,4400,CHOCOLATE,7999,131,N/A,N/A,N/A,N/A,8001,131,N/A,N/A,N/A,N/A,8000.0,0.0
0,4500,CHOCOLATE,8000,54,7999.0,61.0,N/A,N/A,8001,54,8002.0,61.0,N/A,N/A,8000.5,0.0
0,4600,CHOCOLATE,8001,129,N/A,N/A,N/A,N/A,8002,52,8003.0,77.0,N/A,N/A,8001.5,0.0
0,4700,CHOCOLATE,8000,142,N/A,N/A,N/A,N/A,8001,5,8002.0,142.0,N/A,N/A,8000.5,0.0
0,4800,CHOCOLATE,7998,144,N/A,N/A,N/A,N/A,8000,144,N/A,N/A,N/A,N/A,7999.0,0.0
0,4900,CHOCOLATE,7997,101,N/A,N/A,N/A,N/A,7999,101,N/A,N/A,N/A,N/A,7998.0,0.0
0,5000,CHOCOLATE,7998,154,N/A,N/A,N/A,N/A,8000,154,N/A,N/A,N/A,N/A,7999.0,0.0
0,5100,CHOCOLATE,7999,117,N/A,N/A,N/A,N/A,8001,117,N/A,N/A,N/A,N/A,8000.0,0.0
0,5200,CHOCOLATE,7997,52,7996.0,92.0,N/A,N/A,7998,52,7999.0,92.0,N/A,N/A,7997.5,0.0
0,5300,CHOCOLATE,7996,124,N/A,N/A,N/A,N/A,7998,124,N/A,N/A,N/A,N/A,7997.0,0.0
0,5400,CHOCOLATE,7996,54,7995.0,53.0,N/A,N/A,7997,54,7998.0,53.0,N/A,N/A,7996.5,0.0
0,5500,CHOCOLATE,7996,143,N/A,N/A,N/A,N/A,7997,49,7998.0,94.0,N/A,N/A,7996.5,0.0
0,5600,CHOCOLATE,7994,116,N/A,N/A,N/A,N/A,7995,36,7996.0,80.0,N/A,N/A,7994.5,0.0
0,5700,CHOCOLATE,7995,110,N/A,N/A,N/A,N/A,7996,56,7997.0,54.0,N/A,N/A,7995.5,0.0
0,5800,CHOCOLATE,7995,51,7994.0,78.0,N/A,N/A,7996,61,7997.0,78.0,N/A,N/A,7995.5,0.0
0,5900,CHOCOLATE,7996,60,7995.0,95.0,N/A,N/A,7997,155,N/A,N/A,N/A,N/A,7996.5,0.0
0,6000,CHOCOLATE,7996,62,7995.0,86.0,N/A,N/A,7997,62,7998.0,86.0,N/A,N/A,7996.5,0.0
0,6100,CHOCOLATE,7997,54,7996.0,76.0,N/A,N/A,7998,54,7999.0,76.0,N/A,N/A,7997.5,0.0
0,6200,CHOCOLATE,7996,154,N/A,N/A,N/A,N/A,7998,154,N/A,N/A,N/A,N/A,7997.0,0.0
0,6300,CHOCOLATE,7996,101,N/A,N/A,N/A,N/A,7998,101,N/A,N/A,N/A,N/A,7997.0,0.0
0,6400,CHOCOLATE,7996,140,N/A,N/A,N/A,N/A,7998,140,N/A,N/A,N/A,N/A,7997.0,0.0
0,6500,CHOCOLATE,7996,63,7995.0,65.0,N/A,N/A,7997,128,N/A,N/A,N/A,N/A,7996.5,0.0
0,6600,CHOCOLATE,7995,94,N/A,N/A,N/A,N/A,7996,41,7997.0,53.0,N/A,N/A,7995.5,0.0
0,6700,CHOCOLATE,7996,93,N/A,N/A,N/A,N/A,7997,43,7998.0,50.0,N/A,N/A,7996.5,0.0
0,6800,CHOCOLATE,7996,131,N/A,N/A,N/A,N/A,7998,131,N/A,N/A,N/A,N/A,7997.0,0.0
0,6900,CHOCOLATE,7997,137,N/A,N/A,N/A,N/A,7999,137,N/A,N/A,N/A,N/A,7998.0,0.0
0,7000,CHOCOLATE,7997,123,N/A,N/A,N/A,N/A,7999,123,N/A,N/A,N/A,N/A,7998.0,0.0
0,7100,CHOCOLATE,7997,52,7996.0,63.0,N/A,N/A,7998,115,N/A,N/A,N/A,N/A,7997.5,0.0
0,7200,CHOCOLATE,7998,104,N/A,N/A,N/A,N/A,7999,48,8000.0,56.0,N/A,N/A,7998.5,0.0
0,7300,CHOCOLATE,7997,138,N/A,N/A,N/A,N/A,7999,138,N/A,N/A,N/A,N/A,7998.0,0.0
0,7400,CHOCOLATE,7999,31,7998.0,82.0,N/A,N/A,8000,38,8001.0,82.0,N/A,N/A,7999.5,0.0
0,7500,CHOCOLATE,8001,43,8000.0,81.0,N/A,N/A,8002,43,8003.0,81.0,N/A,N/A,8001.5,0.0
0,7600,CHOCOLATE,8001,127,N/A,N/A,N/A,N/A,8003,127,N/A,N/A,N/A,N/A,8002.0,0.0
0,7700,CHOCOLATE,8002,37,8001.0,66.0,N/A,N/A,8003,37,8004.0,66.0,N/A,N/A,8002.5,0.0
0,7800,CHOCOLATE,8002,118,N/A,N/A,N/A,N/A,8004,118,N/A,N/A,N/A,N/A,8003.0,0.0
0,7900,CHOCOLATE,8002,61,8001.0,90.0,N/A,N/A,8003,151,N/A,N/A,N/A,N/A,8002.5,0.0
0,8000,CHOCOLATE,8002,61,8001.0,97.0,N/A,N/A,8003,158,N/A,N/A,N/A,N/A,8002.5,0.0
0,8100,CHOCOLATE,8001,110,N/A,N/A,N/A,N/A,8003,110,N/A,N/A,N/A,N/A,8002.0,0.0
0,8200,CHOCOLATE,8003,109,N/A,N/A,N/A,N/A,8005,109,N/A,N/A,N/A,N/A,8004.0,0.0
0,8300,CHOCOLATE,8001,90,N/A,N/A,N/A,N/A,8003,90,N/A,N/A,N/A,N/A,8002.0,0.0
0,8400,CHOCOLATE,8000,50,7999.0,51.0,N/A,N/A,8001,50,8002.0,51.0,N/A,N/A,8000.5,0.0
0,8500,CHOCOLATE,8002,131,N/A,N/A,N/A,N/A,8003,65,8004.0,66.0,N/A,N/A,8002.5,0.0
0,8600,CHOCOLATE,8003,65,8002.0,88.0,N/A,N/A,8004,153,N/A,N/A,N/A,N/A,8003.5,0.0
0,8700,CHOCOLATE,8001,108,N/A,N/A,N/A,N/A,8003,108,N/A,N/A,N/A,N/A,8002.0,0.0
0,8800,CHOCOLATE,8002,142,N/A,N/A,N/A,N/A,8004,142,N/A,N/A,N/A,N/A,8003.0,0.0
0,8900,CHOCOLATE,8003,61,8002.0,95.0,N/A,N/A,8004,61,8005.0,95.0,N/A,N/A,8003.5,0.0
0,9000,CHOCOLATE,8003,109,N/A,N/A,N/A,N/A,8004,46,8005.0,63.0,N/A,N/A,8003.5,0.0
0,9100,CHOCOLATE,8002,142,N/A,N/A,N/A,N/A,8004,142,N/A,N/A,N/A,N/A,8003.0,0.0
0,9200,CHOCOLATE,8003,127,N/A,N/A,N/A,N/A,8005,127,N/A,N/A,N/A,N/A,8004.0,0.0
0,9300,CHOCOLATE,8002,113,N/A,N/A,N/A,N/A,8003,44,8004.0,69.0,N/A,N/A,8002.5,0.0
0,9400,CHOCOLATE,8003,56,8002.0,93.0,N/A,N/A,8004,149,N/A,N/A,N/A,N/A,8003.5,0.0
0,9500,CHOCOLATE,8002,41,8001.0,80.0,N/A,N/A,8003,121,N/A,N/A,N/A,N/A,8002.5,0.0
0,9600,CHOCOLATE,8002,39,8001.0,85.0,N/A,N/A,8003,124,N/A,N/A,N/A,N/A,8002.5,0.0
0,9700,CHOCOLATE,8002,120,N/A,N/A,N/A,N/A,8004,120,N/A,N/A,N/A,N/A,8003.0,0.0
0,9800,CHOCOLATE,8002,130,N/A,N/A,N/A,N/A,8004,130,N/A,N/A,N/A,N/A,8003.0,0.0
0,9900,CHOCOLATE,8003,116,N/A,N/A,N/A,N/A,8004,53,8005.0,63.0,N/A,N/A,8003.5,0.0
0,10000,CHOCOLATE,8002,94,N/A,N/A,N/A,N/A,8003,40,8004.0,63.0,N/A,N/A,8002.5,0.0
0,10100,CHOCOLATE,8001,150,N/A,N/A,N/A,N/A,8002,51,8003.0,99.0,N/A,N/A,8001.5,0.0
0,10200,CHOCOLATE,8001,47,8000.0,52.0,N/A,N/A,8002,99,N/A,N/A,N/A,N/A,8001.5,0.0
0,10300,CHOCOLATE,8000,134,N/A,N/A,N/A,N/A,8002,134,N/A,N/A,N/A,N/A,8001.0,0.0
0,10400,CHOCOLATE,8001,137,N/A,N/A,N/A,N/A,8002,49,8003.0,88.0,N/A,N/A,8001.5,0.0
0,10500,CHOCOLATE,8003,108,N/A,N/A,N/A,N/A,8004,56,8005.0,52.0,N/A,N/A,8003.5,0.0
0,10600,CHOCOLATE,8002,150,N/A,N/A,N/A,N/A,8003,61,8004.0,89.0,N/A,N/A,8002.5,0.0
0,10700,CHOCOLATE,8000,130,N/A,N/A,N/A,N/A,8002,130,N/A,N/A,N/A,N/A,8001.0,0.0
0,10800,CHOCOLATE,7998,142,N/A,N/A,N/A,N/A,8000,142,N/A,N/A,N/A,N/A,7999.0,0.0
0,10900,CHOCOLATE,7998,128,N/A,N/A,N/A,N/A,8000,128,N/A,N/A,N/A,N/A,7999.0,0.0
0,11000,CHOCOLATE,7999,118,N/A,N/A,N/A,N/A,8000,53,8001.0,65.0,N/A,N/A,7999.5,0.0
0,11100,CHOCOLATE,8000,56,7999.0,81.0,N/A,N/A,8001,137,N/A,N/A,N/A,N/A,8000.5,0.0
0,11200,CHOCOLATE,7999,41,7998.0,81.0,N/A,N/A,8000,122,N/A,N/A,N/A,N/A,7999.5,0.0
0,11300,CHOCOLATE,7999,44,7998.0,79.0,N/A,N/A,8000,123,N/A,N/A,N/A,N/A,7999.5,0.0
0,11400,CHOCOLATE,7999,46,7998.0,87.0,N/A,N/A,8000,46,8001.0,87.0,N/A,N/A,7999.5,0.0
0,11500,CHOCOLATE,7998,65,7997.0,99.0,N/A,N/A,7999,65,8000.0,99.0,N/A,N/A,7998.5,0.0
0,11600,CHOCOLATE,7998,49,7997.0,55.0,N/A,N/A,7999,104,N/A,N/A,N/A,N/A,7998.5,0.0
0,11700,CHOCOLATE,7997,141,N/A,N/A,N/A,N/A,7999,141,N/A,N/A,N/A,N/A,7998.0,0.0
0,11800,CHOCOLATE,7999,61,7998.0,87.0,N/A,N/A,8000,61,8001.0,87.0,N/A,N/A,7999.5,0.0
0,11900,CHOCOLATE,8000,36,7999.0,77.0,N/A,N/A,8001,113,N/A,N/A,N/A,N/A,8000.5,0.0
0,12000,CHOCOLATE,7998,112,N/A,N/A,N/A,N/A,8000,112,N/A,N/A,N/A,N/A,7999.0,0.0
0,12100,CHOCOLATE,8000,64,7999.0,51.0,N/A,N/A,8001,115,N/A,N/A,N/A,N/A,8000.5,0.0
0,12200,CHOCOLATE,8000,130,N/A,N/A,N/A,N/A,8002,130,N/A,N/A,N/A,N/A,8001.0,0.0
0,12300,CHOCOLATE,8000,124,N/A,N/A,N/A,N/A,8002,124,N/A,N/A,N/A,N/A,8001.0,0.0
0,12400,CHOCOLATE,8001,49,8000.0,80.0,N/A,N/A,8002,49,8003.0,80.0,N/A,N/A,8001.5,0.0
0,12500,CHOCOLATE,8004,50,8003.0,96.0,N/A,N/A,8005,43,8006.0,96.0,N/A,N/A,8004.5,0.0
0,12600,CHOCOLATE,8005,45,8004.0,59.0,N/A,N/A,8006,104,N/A,N/A,N/A,N/A,8005.5,0.0
0,12700,CHOCOLATE,8004,59,8003.0,91.0,N/A,N/A,8005,150,N/A,N/A,N/A,N/A,8004.5,0.0
0,12800,CHOCOLATE,8005,137,N/A,N/A,N/A,N/A,8007,137,N/A,N/A,N/A,N/A,8006.0,0.0
0,12900,CHOCOLATE,8006,55,8005.0,83.0,N/A,N/A,8007,138,N/A,N/A,N/A,N/A,8006.5,0.0
0,13000,CHOCOLATE,8005,64,8004.0,61.0,N/A,N/A,8006,64,8007.0,61.0,N/A,N/A,8005.5,0.0
0,13100,CHOCOLATE,8007,28,8006.0,66.0,N/A,N/A,8008,38,8009.0,66.0,N/A,N/A,8007.5,0.0
0,13200,CHOCOLATE,8007,63,8006.0,64.0,N/A,N/A,8008,127,N/A,N/A,N/A,N/A,8007.5,0.0
0,13300,CHOCOLATE,8007,115,N/A,N/A,N/A,N/A,8009,115,N/A,N/A,N/A,N/A,8008.0,0.0
0,13400,CHOCOLATE,8006,128,N/A,N/A,N/A,N/A,8007,57,8008.0,71.0,N/A,N/A,8006.5,0.0
0,13500,CHOCOLATE,8008,62,8007.0,53.0,N/A,N/A,8009,115,N/A,N/A,N/A,N/A,8008.5,0.0
0,13600,CHOCOLATE,8007,38,8006.0,66.0,N/A,N/A,8008,48,8009.0,66.0,N/A,N/A,8007.5,0.0
0,13700,CHOCOLATE,8006,131,N/A,N/A,N/A,N/A,8007,55,8008.0,83.0,N/A,N/A,8006.5,0.0
0,13800,CHOCOLATE,8006,107,N/A,N/A,N/A,N/A,8008,107,N/A,N/A,N/A,N/A,8007.0,0.0
0,13900,CHOCOLATE,8006,35,8005.0,68.0,N/A,N/A,8007,35,8008.0,68.0,N/A,N/A,8006.5,0.0
0,14000,CHOCOLATE,8005,130,N/A,N/A,N/A,N/A,8006,50,8007.0,80.0,N/A,N/A,8005.5,0.0
0,14100,CHOCOLATE,8007,147,N/A,N/A,N/A,N/A,8009,147,N/A,N/A,N/A,N/A,8008.0,0.0
0,14200,CHOCOLATE,8008,125,N/A,N/A,N/A,N/A,8009,52,8010.0,73.0,N/A,N/A,8008.5,0.0
0,14300,CHOCOLATE,8008,120,N/A,N/A,N/A,N/A,8009,36,8010.0,84.0,N/A,N/A,8008.5,0.0
0,14400,CHOCOLATE,8010,110,N/A,N/A,N/A,N/A,8011,51,8012.0,59.0,N/A,N/A,8010.5,0.0
0,14500,CHOCOLATE,8011,61,8010.0,69.0,N/A,N/A,8012,130,N/A,N/A,N/A,N/A,8011.5,0.0
0,14600,CHOCOLATE,8010,131,N/A,N/A,N/A,N/A,8011,51,8012.0,80.0,N/A,N/A,8010.5,0.0
0,14700,CHOCOLATE,8010,137,N/A,N/A,N/A,N/A,8012,137,N/A,N/A,N/A,N/A,8011.0,0.0
0,14800,CHOCOLATE,8011,45,8010.0,84.0,N/A,N/A,8012,45,8013.0,84.0,N/A,N/A,8011.5,0.0
0,14900,CHOCOLATE,8011,57,8010.0,89.0,N/A,N/A,8012,146,N/A,N/A,N/A,N/A,8011.5,0.0
0,15000,CHOCOLATE,8011,60,8010.0,59.0,N/A,N/A,8012,60,8013.0,59.0,N/A,N/A,8011.5,0.0
0,15100,CHOCOLATE,8010,133,N/A,N/A,N/A,N/A,8012,133,N/A,N/A,N/A,N/A,8011.0,0.0
0,15200,CHOCOLATE,8010,55,8009.0,86.0,N/A,N/A,8011,141,N/A,N/A,N/A,N/A,8010.5,0.0
0,15300,CHOCOLATE,8011,121,N/A,N/A,N/A,N/A,8013,121,N/A,N/A,N/A,N/A,8012.0,0.0
0,15400,CHOCOLATE,8013,59,8012.0,100.0,N/A,N/A,8014,159,N/A,N/A,N/A,N/A,8013.5,0.0
0,15500,CHOCOLATE,8012,44,8011.0,54.0,N/A,N/A,8013,44,8014.0,54.0,N/A,N/A,8012.5,0.0
0,15600,CHOCOLATE,8011,105,N/A,N/A,N/A,N/A,8013,105,N/A,N/A,N/A,N/A,8012.0,0.0
0,15700,CHOCOLATE,8012,117,N/A,N/A,N/A,N/A,8014,117,N/A,N/A,N/A,N/A,8013.0,0.0
0,15800,CHOCOLATE,8012,104,N/A,N/A,N/A,N/A,8013,50,8014.0,54.0,N/A,N/A,8012.5,0.0
0,15900,CHOCOLATE,8012,58,8011.0,60.0,N/A,N/A,8013,118,N/A,N/A,N/A,N/A,8012.5,0.0
0,16000,CHOCOLATE,8010,151,N/A,N/A,N/A,N/A,8012,151,N/A,N/A,N/A,N/A,8011.0,0.0
0,16100,CHOCOLATE,8009,160,N/A,N/A,N/A,N/A,8011,160,N/A,N/A,N/A,N/A,8010.0,0.0
0,16200,CHOCOLATE,8011,133,N/A,N/A,N/A,N/A,8012,55,8013.0,78.0,N/A,N/A,8011.5,0.0
0,16300,CHOCOLATE,8011,62,8010.0,95.0,N/A,N/A,8012,62,8013.0,95.0,N/A,N/A,8011.5,0.0
0,16400,CHOCOLATE,8011,37,8010.0,68.0,N/A,N/A,8012,105,N/A,N/A,N/A,N/A,8011.5,0.0
0,16500,CHOCOLATE,8010,52,8009.0,63.0,N/A,N/A,8011,115,N/A,N/A,N/A,N/A,8010.5,0.0
0,16600,CHOCOLATE,8010,55,8009.0,75.0,N/A,N/A,8011,55,8012.0,75.0,N/A,N/A,8010.5,0.0
0,16700,CHOCOLATE,8010,50,8009.0,100.0,N/A,N/A,8011,157,N/A,N/A,N/A,N/A,8010.5,0.0
0,16800,CHOCOLATE,8009,126,N/A,N/A,N/A,N/A,8011,126,N/A,N/A,N/A,N/A,8010.0,0.0
0,16900,CHOCOLATE,8011,40,8010.0,77.0,N/A,N/A,8012,117,N/A,N/A,N/A,N/A,8011.5,0.0
0,17000,CHOCOLATE,8008,96,N/A,N/A,N/A,N/A,8010,96,N/A,N/A,N/A,N/A,8009.0,0.0
0,17100,CHOCOLATE,8010,42,8009.0,84.0,N/A,N/A,8011,42,8012.0,84.0,N/A,N/A,8010.5,0.0
0,17200,CHOCOLATE,8010,115,N/A,N/A,N/A,N/A,8012,115,N/A,N/A,N/A,N/A,8011.0,0.0
0,17300,CHOCOLATE,8009,124,N/A,N/A,N/A,N/A,8010,57,8011.0,62.0,N/A,N/A,8009.5,0.0
0,17400,CHOCOLATE,8009,123,N/A,N/A,N/A,N/A,8011,123,N/A,N/A,N/A,N/A,8010.0,0.0
0,17500,CHOCOLATE,8010,112,N/A,N/A,N/A,N/A,8012,112,N/A,N/A,N/A,N/A,8011.0,0.0
0,17600,CHOCOLATE,8010,41,8009.0,92.0,N/A,N/A,8011,133,N/A,N/A,N/A,N/A,8010.5,0.0
0,17700,CHOCOLATE,8010,56,8009.0,95.0,N/A,N/A,8011,56,8012.0,95.0,N/A,N/A,8010.5,0.0
0,17800,CHOCOLATE,8010,55,8009.0,58.0,N/A,N/A,8011,113,N/A,N/A,N/A,N/A,8010.5,0.0
0,17900,CHOCOLATE,8009,43,8008.0,53.0,N/A,N/A,8010,96,N/A,N/A,N/A,N/A,8009.5,0.0
0,18000,CHOCOLATE,8007,62,8006.0,100.0,N/A,N/A,8008,162,N/A,N/A,N/A,N/A,8007.5,0.0
0,18100,CHOCOLATE,8007,110,N/A,N/A,N/A,N/A,8008,42,8009.0,68.0,N/A,N/A,8007.5,0.0
0,18200,CHOCOLATE,8007,114,N/A,N/A,N/A,N/A,8009,114,N/A,N/A,N/A,N/A,8008.0,0.0
0,18300,CHOCOLATE,8007,135,N/A,N/A,N/A,N/A,8009,135,N/A,N/A,N/A,N/A,8008.0,0.0
0,18400,CHOCOLATE,8010,49,8009.0,55.0,N/A,N/A,8011,49,8012.0,55.0,N/A,N/A,8010.5,0.0
0,18500,CHOCOLATE,8009,137,N/A,N/A,N/A,N/A,8011,137,N/A,N/A,N/A,N/A,8010.0,0.0
0,18600,CHOCOLATE,8012,108,N/A,N/A,N/A,N/A,8014,108,N/A,N/A,N/A,N/A,8013.0,0.0
0,18700,CHOCOLATE,8013,132,N/A,N/A,N/A,N/A,8015,132,N/A,N/A,N/A,N/A,8014.0,0.0
0,18800,CHOCOLATE,8013,155,N/A,N/A,N/A,N/A,8014,64,8015.0,91.0,N/A,N/A,8013.5,0.0
0,18900,CHOCOLATE,8013,57,8012.0,53.0,N/A,N/A,8014,57,8015.0,53.0,N/A,N/A,8013.5,0.0
0,19000,CHOCOLATE,8015,138,N/A,N/A,N/A,N/A,8017,138,N/A,N/A,N/A,N/A,8016.0,0.0
0,19100,CHOCOLATE,8015,44,8014.0,86.0,N/A,N/A,8016,44,8017.0,86.0,N/A,N/A,8015.5,0.0
0,19200,CHOCOLATE,8014,127,N/A,N/A,N/A,N/A,8016,127,N/A,N/A,N/A,N/A,8015.0,0.0
0,19300,CHOCOLATE,8014,111,N/A,N/A,N/A,N/A,8015,55,8016.0,56.0,N/A,N/A,8014.5,0.0
0,19400,CHOCOLATE,8015,122,N/A,N/A,N/A,N/A,8016,65,8017.0,50.0,N/A,N/A,8015.5,0.0
0,19500,CHOCOLATE,8014,35,8013.0,63.0,N/A,N/A,8015,98,N/A,N/A,N/A,N/A,8014.5,0.0
0,19600,CHOCOLATE,8015,40,8014.0,84.0,N/A,N/A,8016,40,8017.0,84.0,N/A,N/A,8015.5,0.0
0,19700,CHOCOLATE,8017,54,8016.0,99.0,N/A,N/A,8018,54,8019.0,99.0,N/A,N/A,8017.5,0.0
0,19800,CHOCOLATE,8015,43,8014.0,69.0,N/A,N/A,8016,112,N/A,N/A,N/A,N/A,8015.5,0.0
0,19900,CHOCOLATE,8015,41,8014.0,72.0,N/A,N/A,8016,113,N/A,N/A,N/A,N/A,8015.5,0.0
0,20000,CHOCOLATE,8016,104,N/A,N/A,N/A,N/A,8018,104,N/A,N/A,N/A,N/A,8017.0,0.0
0,20100,CHOCOLATE,8015,102,N/A,N/A,N/A,N/A,8017,102,N/A,N/A,N/A,N/A,8016.0,0.0
0,20200,CHOCOLATE,8016,109,N/A,N/A,N/A,N/A,8018,109,N/A,N/A,N/A,N/A,8017.0,0.0
0,20300,CHOCOLATE,8016,63,8015.0,79.0,N/A,N/A,8017,63,8018.0,79.0,N/A,N/A,8016.5,0.0
0,20400,CHOCOLATE,8015,143,N/A,N/A,N/A,N/A,8017,143,N/A,N/A,N/A,N/A,8016.0,0.0
0,20500,CHOCOLATE,8016,115,N/A,N/A,N/A,N/A,8018,115,N/A,N/A,N/A,N/A,8017.0,0.0
0,20600,CHOCOLATE,8018,48,8017.0,83.0,N/A,N/A,8019,48,8020.0,83.0,N/A,N/A,8018.5,0.0
0,20700,CHOCOLATE,8017,127,N/A,N/A,N/A,N/A,8018,61,8019.0,66.0,N/A,N/A,8017.5,0.0
0,20800,CHOCOLATE,8019,108,N/A,N/A,N/A,N/A,8020,36,8021.0,81.0,N/A,N/A,8019.5,0.0
0,20900,CHOCOLATE,8018,59,8017.0,65.0,N/A,N/A,8019,59,8020.0,65.0,N/A,N/A,8018.5,0.0
0,21000,CHOCOLATE,8017,142,N/A,N/A,N/A,N/A,8018,9,8019.0,142.0,N/A,N/A,8017.5,0.0
0,21100,CHOCOLATE,8016,106,N/A,N/A,N/A,N/A,8018,106,N/A,N/A,N/A,N/A,8017.0,0.0
0,21200,CHOCOLATE,8016,123,N/A,N/A,N/A,N/A,8018,123,N/A,N/A,N/A,N/A,8017.0,0.0
0,21300,CHOCOLATE,8020,117,N/A,N/A,N/A,N/A,8022,117,N/A,N/A,N/A,N/A,8021.0,0.0
0,21400,CHOCOLATE,8020,140,N/A,N/A,N/A,N/A,8021,62,8022.0,78.0,N/A,N/A,8020.5,0.0
0,21500,CHOCOLATE,8019,116,N/A,N/A,N/A,N/A,8021,116,N/A,N/A,N/A,N/A,8020.0,0.0
0,21600,CHOCOLATE,8017,144,N/A,N/A,N/A,N/A,8019,144,N/A,N/A,N/A,N/A,8018.0,0.0
0,21700,CHOCOLATE,8020,37,8019.0,65.0,N/A,N/A,8021,37,8022.0,65.0,N/A,N/A,8020.5,0.0
0,21800,CHOCOLATE,8021,51,8020.0,61.0,N/A,N/A,8022,112,N/A,N/A,N/A,N/A,8021.5,0.0
0,21900,CHOCOLATE,8021,120,N/A,N/A,N/A,N/A,8022,54,8023.0,66.0,N/A,N/A,8021.5,0.0
0,22000,CHOCOLATE,8021,129,N/A,N/A,N/A,N/A,8023,129,N/A,N/A,N/A,N/A,8022.0,0.0
0,22100,CHOCOLATE,8023,45,8022.0,54.0,N/A,N/A,8024,45,8025.0,54.0,N/A,N/A,8023.5,0.0
0,22200,CHOCOLATE,8024,56,8023.0,80.0,N/A,N/A,8025,56,8026.0,80.0,N/A,N/A,8024.5,0.0
0,22300,CHOCOLATE,8024,53,8023.0,64.0,N/A,N/A,8025,117,N/A,N/A,N/A,N/A,8024.5,0.0
0,22400,CHOCOLATE,8025,123,N/A,N/A,N/A,N/A,8026,40,8027.0,83.0,N/A,N/A,8025.5,0.0
0,22500,CHOCOLATE,8025,56,8024.0,91.0,N/A,N/A,8026,56,8027.0,91.0,N/A,N/A,8025.5,0.0
0,22600,CHOCOLATE,8024,122,N/A,N/A,N/A,N/A,8026,122,N/A,N/A,N/A,N/A,8025.0,0.0
0,22700,CHOCOLATE,8025,61,8024.0,84.0,N/A,N/A,8026,145,N/A,N/A,N/A,N/A,8025.5,0.0
0,22800,CHOCOLATE,8025,125,N/A,N/A,N/A,N/A,8027,125,N/A,N/A,N/A,N/A,8026.0,0.0
0,22900,CHOCOLATE,8025,62,8024.0,93.0,N/A,N/A,8026,155,N/A,N/A,N/A,N/A,8025.5,0.0
0,23000,CHOCOLATE,8025,98,N/A,N/A,N/A,N/A,8027,98,N/A,N/A,N/A,N/A,8026.0,0.0
0,23100,CHOCOLATE,8027,149,N/A,N/A,N/A,N/A,8028,56,8029.0,93.0,N/A,N/A,8027.5,0.0
0,23200,CHOCOLATE,8026,118,N/A,N/A,N/A,N/A,8028,118,N/A,N/A,N/A,N/A,8027.0,0.0
0,23300,CHOCOLATE,8028,128,N/A,N/A,N/A,N/A,8030,128,N/A,N/A,N/A,N/A,8029.0,0.0
0,23400,CHOCOLATE,8028,121,N/A,N/A,N/A,N/A,8029,47,8030.0,74.0,N/A,N/A,8028.5,0.0
0,23500,CHOCOLATE,8027,122,N/A,N/A,N/A,N/A,8029,122,N/A,N/A,N/A,N/A,8028.0,0.0
0,23600,CHOCOLATE,8027,64,8026.0,84.0,N/A,N/A,8028,148,N/A,N/A,N/A,N/A,8027.5,0.0
0,23700,CHOCOLATE,8028,131,N/A,N/A,N/A,N/A,8030,131,N/A,N/A,N/A,N/A,8029.0,0.0
0,23800,CHOCOLATE,8030,100,N/A,N/A,N/A,N/A,8031,36,8032.0,64.0,N/A,N/A,8030.5,0.0
0,23900,CHOCOLATE,8029,120,N/A,N/A,N/A,N/A,8031,120,N/A,N/A,N/A,N/A,8030.0,0.0
0,24000,CHOCOLATE,8028,155,N/A,N/A,N/A,N/A,8030,155,N/A,N/A,N/A,N/A,8029.0,0.0
0,24100,CHOCOLATE,8030,65,8029.0,94.0,N/A,N/A,8031,65,8032.0,94.0,N/A,N/A,8030.5,0.0
0,24200,CHOCOLATE,8028,137,N/A,N/A,N/A,N/A,8030,137,N/A,N/A,N/A,N/A,8029.0,0.0
0,24300,CHOCOLATE,8026,147,N/A,N/A,N/A,N/A,8027,10,8028.0,147.0,N/A,N/A,8026.5,0.0
0,24400,CHOCOLATE,8028,60,8027.0,54.0,N/A,N/A,8029,60,8030.0,54.0,N/A,N/A,8028.5,0.0
0,24500,CHOCOLATE,8028,129,N/A,N/A,N/A,N/A,8029,53,8030.0,76.0,N/A,N/A,8028.5,0.0
0,24600,CHOCOLATE,8028,116,N/A,N/A,N/A,N/A,8030,116,N/A,N/A,N/A,N/A,8029.0,0.0
0,24700,CHOCOLATE,8028,121,N/A,N/A,N/A,N/A,8030,121,N/A,N/A,N/A,N/A,8029.0,0.0
0,24800,CHOCOLATE,8030,61,8029.0,66.0,N/A,N/A,8031,61,8032.0,66.0,N/A,N/A,8030.5,0.0
0,24900,CHOCOLATE,8029,120,N/A,N/A,N/A,N/A,8030,62,8031.0,58.0,N/A,N/A,8029.5,0.0
0,25000,CHOCOLATE,8028,58,8027.0,74.0,N/A,N/A,8029,58,8030.0,74.0,N/A,N/A,8028.5,0.0
0,25100,CHOCOLATE,8028,122,N/A,N/A,N/A,N/A,8029,41,8030.0,81.0,N/A,N/A,8028.5,0.0
0,25200,CHOCOLATE,8029,129,N/A,N/A,N/A,N/A,8031,129,N/A,N/A,N/A,N/A,8030.0,0.0
0,25300,CHOCOLATE,8031,123,N/A,N/A,N/A,N/A,8032,44,8033.0,79.0,N/A,N/A,8031.5,0.0
0,25400,CHOCOLATE,8031,105,N/A,N/A,N/A,N/A,8033,105,N/A,N/A,N/A,N/A,8032.0,0.0
0,25500,CHOCOLATE,8031,119,N/A,N/A,N/A,N/A,8033,119,N/A,N/A,N/A,N/A,8032.0,0.0
0,25600,CHOCOLATE,8032,106,N/A,N/A,N/A,N/A,8034,106,N/A,N/A,N/A,N/A,8033.0,0.0
0,25700,CHOCOLATE,8032,132,N/A,N/A,N/A,N/A,8034,132,N/A,N/A,N/A,N/A,8033.0,0.0
0,25800,CHOCOLATE,8032,142,N/A,N/A,N/A,N/A,8033,49,8034.0,93.0,N/A,N/A,8032.5,0.0
0,25900,CHOCOLATE,8030,115,N/A,N/A,N/A,N/A,8031,39,8032.0,76.0,N/A,N/A,8030.5,0.0
0,26000,CHOCOLATE,8031,150,N/A,N/A,N/A,N/A,8033,150,N/A,N/A,N/A,N/A,8032.0,0.0
0,26100,CHOCOLATE,8033,152,N/A,N/A,N/A,N/A,8035,152,N/A,N/A,N/A,N/A,8034.0,0.0
0,26200,CHOCOLATE,8033,51,8032.0,80.0,N/A,N/A,8034,51,8035.0,80.0,N/A,N/A,8033.5,0.0
0,26300,CHOCOLATE,8034,52,8033.0,63.0,N/A,N/A,8035,52,8036.0,63.0,N/A,N/A,8034.5,0.0
0,26400,CHOCOLATE,8034,52,8033.0,82.0,N/A,N/A,8035,134,N/A,N/A,N/A,N/A,8034.5,0.0
0,26500,CHOCOLATE,8033,51,8032.0,87.0,N/A,N/A,8034,51,8035.0,87.0,N/A,N/A,8033.5,0.0
0,26600,CHOCOLATE,8031,119,N/A,N/A,N/A,N/A,8033,119,N/A,N/A,N/A,N/A,8032.0,0.0
0,26700,CHOCOLATE,8030,131,N/A,N/A,N/A,N/A,8031,42,8032.0,89.0,N/A,N/A,8030.5,0.0
0,26800,CHOCOLATE,8031,53,8030.0,79.0,N/A,N/A,8032,132,N/A,N/A,N/A,N/A,8031.5,0.0
0,26900,CHOCOLATE,8031,126,N/A,N/A,N/A,N/A,8032,53,8033.0,73.0,N/A,N/A,8031.5,0.0
0,27000,CHOCOLATE,8031,124,N/A,N/A,N/A,N/A,8032,54,8033.0,70.0,N/A,N/A,8031.5,0.0
0,27100,CHOCOLATE,8032,151,N/A,N/A,N/A,N/A,8034,151,N/A,N/A,N/A,N/A,8033.0,0.0
0,27200,CHOCOLATE,8031,50,8030.0,100.0,N/A,N/A,8032,50,8033.0,100.0,N/A,N/A,8031.5,0.0
0,27300,CHOCOLATE,8031,129,N/A,N/A,N/A,N/A,8032,39,8033.0,90.0,N/A,N/A,8031.5,0.0
0,27400,CHOCOLATE,8030,132,N/A,N/A,N/A,N/A,8032,139,N/A,N/A,N/A,N/A,8031.0,0.0
0,27500,CHOCOLATE,8029,116,N/A,N/A,N/A,N/A,8031,116,N/A,N/A,N/A,N/A,8030.0,0.0
0,27600,CHOCOLATE,8029,44,8028.0,69.0,N/A,N/A,8030,113,N/A,N/A,N/A,N/A,8029.5,0.0
0,27700,CHOCOLATE,8029,109,N/A,N/A,N/A,N/A,8031,109,N/A,N/A,N/A,N/A,8030.0,0.0
0,27800,CHOCOLATE,8031,65,8030.0,63.0,N/A,N/A,8032,128,N/A,N/A,N/A,N/A,8031.5,0.0
0,27900,CHOCOLATE,8031,123,N/A,N/A,N/A,N/A,8033,123,N/A,N/A,N/A,N/A,8032.0,0.0
0,28000,CHOCOLATE,8029,96,N/A,N/A,N/A,N/A,8031,96,N/A,N/A,N/A,N/A,8030.0,0.0
0,28100,CHOCOLATE,8030,93,N/A,N/A,N/A,N/A,8032,93,N/A,N/A,N/A,N/A,8031.0,0.0
0,28200,CHOCOLATE,8031,140,N/A,N/A,N/A,N/A,8033,140,N/A,N/A,N/A,N/A,8032.0,0.0
0,28300,CHOCOLATE,8030,147,N/A,N/A,N/A,N/A,8032,147,N/A,N/A,N/A,N/A,8031.0,0.0
0,28400,CHOCOLATE,8032,143,N/A,N/A,N/A,N/A,8034,138,N/A,N/A,N/A,N/A,8033.0,0.0
0,28500,CHOCOLATE,8030,49,8029.0,93.0,N/A,N/A,8031,49,8032.0,93.0,N/A,N/A,8030.5,0.0
0,28600,CHOCOLATE,8030,133,N/A,N/A,N/A,N/A,8031,36,8032.0,97.0,N/A,N/A,8030.5,0.0
0,28700,CHOCOLATE,8030,137,N/A,N/A,N/A,N/A,8032,137,N/A,N/A,N/A,N/A,8031.0,0.0
0,28800,CHOCOLATE,8031,37,8030.0,54.0,N/A,N/A,8032,37,8033.0,54.0,N/A,N/A,8031.5,0.0
0,28900,CHOCOLATE,8032,150,N/A,N/A,N/A,N/A,8033,53,8034.0,97.0,N/A,N/A,8032.5,0.0
0,29000,CHOCOLATE,8032,128,N/A,N/A,N/A,N/A,8034,128,N/A,N/A,N/A,N/A,8033.0,0.0
0,29100,CHOCOLATE,8033,54,8032.0,59.0,N/A,N/A,8034,54,8035.0,59.0,N/A,N/A,8033.5,0.0
0,29200,CHOCOLATE,8035,108,N/A,N/A,N/A,N/A,8036,55,8037.0,53.0,N/A,N/A,8035.5,0.0
0,29300,CHOCOLATE,8035,127,N/A,N/A,N/A,N/A,8037,127,N/A,N/A,N/A,N/A,8036.0,0.0
0,29400,CHOCOLATE,8035,50,8034.0,66.0,N/A,N/A,8036,50,8037.0,66.0,N/A,N/A,8035.5,0.0
0,29500,CHOCOLATE,8035,124,N/A,N/A,N/A,N/A,8037,118,N/A,N/A,N/A,N/A,8036.0,0.0
0,29600,CHOCOLATE,8036,142,N/A,N/A,N/A,N/A,8037,50,8038.0,92.0,N/A,N/A,8036.5,0.0
0,29700,CHOCOLATE,8035,41,8034.0,67.0,N/A,N/A,8036,41,8037.0,67.0,N/A,N/A,8035.5,0.0
0,29800,CHOCOLATE,8035,36,8034.0,50.0,N/A,N/A,8036,36,8037.0,50.0,N/A,N/A,8035.5,0.0
0,29900,CHOCOLATE,8035,97,N/A,N/A,N/A,N/A,8036,37,8037.0,60.0,N/A,N/A,8035.5,0.0
0,30000,CHOCOLATE,8035,129,N/A,N/A,N/A,N/A,8037,129,N/A,N/A,N/A,N/A,8036.0,0.0
0,30100,CHOCOLATE,8036,57,8035.0,84.0,N/A,N/A,8037,141,N/A,N/A,N/A,N/A,8036.5,0.0
0,30200,CHOCOLATE,8036,37,8035.0,75.0,N/A,N/A,8037,37,8038.0,75.0,N/A,N/A,8036.5,0.0
0,30300,CHOCOLATE,8037,116,N/A,N/A,N/A,N/A,8039,116,N/A,N/A,N/A,N/A,8038.0,0.0
0,30400,CHOCOLATE,8036,49,8035.0,75.0,N/A,N/A,8037,124,N/A,N/A,N/A,N/A,8036.5,0.0
0,30500,CHOCOLATE,8037,116,N/A,N/A,N/A,N/A,8039,116,N/A,N/A,N/A,N/A,8038.0,0.0
0,30600,CHOCOLATE,8036,109,N/A,N/A,N/A,N/A,8038,109,N/A,N/A,N/A,N/A,8037.0,0.0
0,30700,CHOCOLATE,8037,103,N/A,N/A,N/A,N/A,8039,103,N/A,N/A,N/A,N/A,8038.0,0.0
0,30800,CHOCOLATE,8037,151,N/A,N/A,N/A,N/A,8039,151,N/A,N/A,N/A,N/A,8038.0,0.0
0,30900,CHOCOLATE,8039,45,8038.0,50.0,N/A,N/A,8040,45,8041.0,50.0,N/A,N/A,8039.5,0.0
0,31000,CHOCOLATE,8038,52,8037.0,97.0,N/A,N/A,8039,52,8040.0,97.0,N/A,N/A,8038.5,0.0
0,31100,CHOCOLATE,8039,51,8038.0,81.0,N/A,N/A,8040,51,8041.0,81.0,N/A,N/A,8039.5,0.0
0,31200,CHOCOLATE,8039,64,8038.0,89.0,N/A,N/A,8040,149,N/A,N/A,N/A,N/A,8039.5,0.0
0,31300,CHOCOLATE,8038,88,N/A,N/A,N/A,N/A,8040,88,N/A,N/A,N/A,N/A,8039.0,0.0
0,31400,CHOCOLATE,8040,45,8039.0,96.0,N/A,N/A,8041,141,N/A,N/A,N/A,N/A,8040.5,0.0
0,31500,CHOCOLATE,8039,111,N/A,N/A,N/A,N/A,8040,56,8041.0,55.0,N/A,N/A,8039.5,0.0
0,31600,CHOCOLATE,8039,53,8038.0,64.0,N/A,N/A,8040,117,N/A,N/A,N/A,N/A,8039.5,0.0
0,31700,CHOCOLATE,8039,116,N/A,N/A,N/A,N/A,8041,116,N/A,N/A,N/A,N/A,8040.0,0.0
0,31800,CHOCOLATE,8039,46,8038.0,82.0,N/A,N/A,8040,122,N/A,N/A,N/A,N/A,8039.5,0.0
0,31900,CHOCOLATE,8039,115,N/A,N/A,N/A,N/A,8041,115,N/A,N/A,N/A,N/A,8040.0,0.0
0,32000,CHOCOLATE,8041,128,N/A,N/A,N/A,N/A,8043,128,N/A,N/A,N/A,N/A,8042.0,0.0
0,32100,CHOCOLATE,8041,49,8040.0,95.0,N/A,N/A,8042,49,8043.0,95.0,N/A,N/A,8041.5,0.0
0,32200,CHOCOLATE,8042,45,8041.0,77.0,N/A,N/A,8043,130,N/A,N/A,N/A,N/A,8042.5,0.0
0,32300,CHOCOLATE,8041,44,8040.0,63.0,N/A,N/A,8042,107,N/A,N/A,N/A,N/A,8041.5,0.0
0,32400,CHOCOLATE,8041,41,8040.0,58.0,N/A,N/A,8042,99,N/A,N/A,N/A,N/A,8041.5,0.0
0,32500,CHOCOLATE,8040,104,N/A,N/A,N/A,N/A,8041,35,8042.0,69.0,N/A,N/A,8040.5,0.0
0,32600,CHOCOLATE,8039,121,N/A,N/A,N/A,N/A,8040,53,8041.0,68.0,N/A,N/A,8039.5,0.0
0,32700,CHOCOLATE,8037,122,N/A,N/A,N/A,N/A,8038,35,8039.0,87.0,N/A,N/A,8037.5,0.0
0,32800,CHOCOLATE,8036,59,8035.0,62.0,N/A,N/A,8037,59,8038.0,62.0,N/A,N/A,8036.5,0.0
0,32900,CHOCOLATE,8033,144,N/A,N/A,N/A,N/A,8035,144,N/A,N/A,N/A,N/A,8034.0,0.0
0,33000,CHOCOLATE,8034,47,8033.0,51.0,N/A,N/A,8035,98,N/A,N/A,N/A,N/A,8034.5,0.0
0,33100,CHOCOLATE,8035,121,N/A,N/A,N/A,N/A,8036,53,8037.0,68.0,N/A,N/A,8035.5,0.0
0,33200,CHOCOLATE,8035,64,8034.0,54.0,N/A,N/A,8036,118,N/A,N/A,N/A,N/A,8035.5,0.0
0,33300,CHOCOLATE,8034,38,8033.0,60.0,N/A,N/A,8035,98,N/A,N/A,N/A,N/A,8034.5,0.0
0,33400,CHOCOLATE,8034,43,8033.0,84.0,N/A,N/A,8035,43,8036.0,84.0,N/A,N/A,8034.5,0.0
0,33500,CHOCOLATE,8033,138,N/A,N/A,N/A,N/A,8035,138,N/A,N/A,N/A,N/A,8034.0,0.0
0,33600,CHOCOLATE,8033,41,8032.0,74.0,N/A,N/A,8034,41,8035.0,74.0,N/A,N/A,8033.5,0.0
0,33700,CHOCOLATE,8033,58,8032.0,89.0,N/A,N/A,8034,147,N/A,N/A,N/A,N/A,8033.5,0.0
0,33800,CHOCOLATE,8031,59,8030.0,77.0,N/A,N/A,8032,136,N/A,N/A,N/A,N/A,8031.5,0.0
0,33900,CHOCOLATE,8033,46,8032.0,50.0,N/A,N/A,8034,96,N/A,N/A,N/A,N/A,8033.5,0.0
0,34000,CHOCOLATE,8033,105,N/A,N/A,N/A,N/A,8035,105,N/A,N/A,N/A,N/A,8034.0,0.0
0,34100,CHOCOLATE,8034,43,8033.0,70.0,N/A,N/A,8035,43,8036.0,70.0,N/A,N/A,8034.5,0.0
0,34200,CHOCOLATE,8031,131,N/A,N/A,N/A,N/A,8033,131,N/A,N/A,N/A,N/A,8032.0,0.0
0,34300,CHOCOLATE,8030,111,N/A,N/A,N/A,N/A,8032,111,N/A,N/A,N/A,N/A,8031.0,0.0
0,34400,CHOCOLATE,8032,55,8031.0,95.0,N/A,N/A,8033,55,8034.0,95.0,N/A,N/A,8032.5,0.0
0,34500,CHOCOLATE,8031,105,N/A,N/A,N/A,N/A,8033,105,N/A,N/A,N/A,N/A,8032.0,0.0
0,34600,CHOCOLATE,8031,52,8030.0,71.0,N/A,N/A,8032,123,N/A,N/A,N/A,N/A,8031.5,0.0
0,34700,CHOCOLATE,8034,65,8033.0,85.0,N/A,N/A,8035,150,N/A,N/A,N/A,N/A,8034.5,0.0
0,34800,CHOCOLATE,8032,138,N/A,N/A,N/A,N/A,8034,138,N/A,N/A,N/A,N/A,8033.0,0.0
0,34900,CHOCOLATE,8033,147,N/A,N/A,N/A,N/A,8034,59,8035.0,88.0,N/A,N/A,8033.5,0.0
0,35000,CHOCOLATE,8033,123,N/A,N/A,N/A,N/A,8034,64,8035.0,59.0,N/A,N/A,8033.5,0.0
0,35100,CHOCOLATE,8033,126,N/A,N/A,N/A,N/A,8035,126,N/A,N/A,N/A,N/A,8034.0,0.0
0,35200,CHOCOLATE,8033,39,8032.0,80.0,N/A,N/A,8034,119,N/A,N/A,N/A,N/A,8033.5,0.0
0,35300,CHOCOLATE,8033,62,8032.0,61.0,N/A,N/A,8034,62,8035.0,61.0,N/A,N/A,8033.5,0.0
0,35400,CHOCOLATE,8033,100,N/A,N/A,N/A,N/A,8035,100,N/A,N/A,N/A,N/A,8034.0,0.0
0,35500,CHOCOLATE,8036,135,N/A,N/A,N/A,N/A,8038,135,N/A,N/A,N/A,N/A,8037.0,0.0
0,35600,CHOCOLATE,8037,40,8036.0,58.0,N/A,N/A,8038,40,8039.0,58.0,N/A,N/A,8037.5,0.0
0,35700,CHOCOLATE,8037,119,N/A,N/A,N/A,N/A,8039,119,N/A,N/A,N/A,N/A,8038.0,0.0
0,35800,CHOCOLATE,8037,130,N/A,N/A,N/A,N/A,8038,50,8039.0,80.0,N/A,N/A,8037.5,0.0
0,35900,CHOCOLATE,8037,40,8036.0,98.0,N/A,N/A,8038,40,8039.0,98.0,N/A,N/A,8037.5,0.0
0,36000,CHOCOLATE,8037,35,8036.0,67.0,N/A,N/A,8038,35,8039.0,67.0,N/A,N/A,8037.5,0.0
0,36100,CHOCOLATE,8037,48,8036.0,51.0,N/A,N/A,8038,99,N/A,N/A,N/A,N/A,8037.5,0.0
0,36200,CHOCOLATE,8037,52,8036.0,57.0,N/A,N/A,8038,109,N/A,N/A,N/A,N/A,8037.5,0.0
0,36300,CHOCOLATE,8036,142,N/A,N/A,N/A,N/A,8038,142,N/A,N/A,N/A,N/A,8037.0,0.0
0,36400,CHOCOLATE,8036,136,N/A,N/A,N/A,N/A,8038,136,N/A,N/A,N/A,N/A,8037.0,0.0
0,36500,CHOCOLATE,8038,56,8037.0,83.0,N/A,N/A,8039,139,N/A,N/A,N/A,N/A,8038.5,0.0
0,36600,CHOCOLATE,8037,102,N/A,N/A,N/A,N/A,8039,102,N/A,N/A,N/A,N/A,8038.0,0.0
0,36700,CHOCOLATE,8037,118,N/A,N/A,N/A,N/A,8039,126,N/A,N/A,N/A,N/A,8038.0,0.0
0,36800,CHOCOLATE,8039,36,8038.0,61.0,N/A,N/A,8040,97,N/A,N/A,N/A,N/A,8039.5,0.0
0,36900,CHOCOLATE,8036,105,N/A,N/A,N/A,N/A,8038,114,N/A,N/A,N/A,N/A,8037.0,0.0
0,37000,CHOCOLATE,8039,62,8038.0,54.0,N/A,N/A,8040,62,8041.0,54.0,N/A,N/A,8039.5,0.0
0,37100,CHOCOLATE,8039,127,N/A,N/A,N/A,N/A,8041,127,N/A,N/A,N/A,N/A,8040.0,0.0
0,37200,CHOCOLATE,8039,41,8038.0,87.0,N/A,N/A,8040,41,8041.0,87.0,N/A,N/A,8039.5,0.0
0,37300,CHOCOLATE,8040,56,8039.0,96.0,N/A,N/A,8041,56,8042.0,96.0,N/A,N/A,8040.5,0.0
0,37400,CHOCOLATE,8040,51,8039.0,83.0,N/A,N/A,8041,51,8042.0,83.0,N/A,N/A,8040.5,0.0
0,37500,CHOCOLATE,8038,130,N/A,N/A,N/A,N/A,8040,130,N/A,N/A,N/A,N/A,8039.0,0.0
0,37600,CHOCOLATE,8038,96,N/A,N/A,N/A,N/A,8039,38,8040.0,58.0,N/A,N/A,8038.5,0.0
0,37700,CHOCOLATE,8039,135,N/A,N/A,N/A,N/A,8041,135,N/A,N/A,N/A,N/A,8040.0,0.0
0,37800,CHOCOLATE,8040,38,8039.0,63.0,N/A,N/A,8041,101,N/A,N/A,N/A,N/A,8040.5,0.0
0,37900,CHOCOLATE,8041,123,N/A,N/A,N/A,N/A,8043,123,N/A,N/A,N/A,N/A,8042.0,0.0
0,38000,CHOCOLATE,8042,4,8041.0,124.0,N/A,N/A,8043,124,N/A,N/A,N/A,N/A,8042.5,0.0
0,38100,CHOCOLATE,8040,137,N/A,N/A,N/A,N/A,8042,137,N/A,N/A,N/A,N/A,8041.0,0.0
0,38200,CHOCOLATE,8040,140,N/A,N/A,N/A,N/A,8041,44,8042.0,96.0,N/A,N/A,8040.5,0.0
0,38300,CHOCOLATE,8041,44,8040.0,79.0,N/A,N/A,8042,123,N/A,N/A,N/A,N/A,8041.5,0.0
0,38400,CHOCOLATE,8040,151,N/A,N/A,N/A,N/A,8042,151,N/A,N/A,N/A,N/A,8041.0,0.0
0,38500,CHOCOLATE,8039,121,N/A,N/A,N/A,N/A,8041,121,N/A,N/A,N/A,N/A,8040.0,0.0
0,38600,CHOCOLATE,8039,56,8038.0,75.0,N/A,N/A,8040,131,N/A,N/A,N/A,N/A,8039.5,0.0
0,38700,CHOCOLATE,8039,138,N/A,N/A,N/A,N/A,8041,138,N/A,N/A,N/A,N/A,8040.0,0.0
0,38800,CHOCOLATE,8038,122,N/A,N/A,N/A,N/A,8040,122,N/A,N/A,N/A,N/A,8039.0,0.0
0,38900,CHOCOLATE,8039,111,N/A,N/A,N/A,N/A,8041,111,N/A,N/A,N/A,N/A,8040.0,0.0
0,39000,CHOCOLATE,8037,44,8036.0,66.0,N/A,N/A,8038,44,8039.0,66.0,N/A,N/A,8037.5,0.0
0,39100,CHOCOLATE,8035,113,N/A,N/A,N/A,N/A,8037,113,N/A,N/A,N/A,N/A,8036.0,0.0
0,39200,CHOCOLATE,8035,59,8034.0,94.0,N/A,N/A,8036,153,N/A,N/A,N/A,N/A,8035.5,0.0
0,39300,CHOCOLATE,8035,42,8034.0,94.0,N/A,N/A,8036,42,8037.0,94.0,N/A,N/A,8035.5,0.0
0,39400,CHOCOLATE,8036,51,8035.0,67.0,N/A,N/A,8037,51,8038.0,67.0,N/A,N/A,8036.5,0.0
0,39500,CHOCOLATE,8036,47,8035.0,92.0,N/A,N/A,8037,47,8038.0,92.0,N/A,N/A,8036.5,0.0
0,39600,CHOCOLATE,8034,109,N/A,N/A,N/A,N/A,8036,109,N/A,N/A,N/A,N/A,8035.0,0.0
0,39700,CHOCOLATE,8035,146,N/A,N/A,N/A,N/A,8037,146,N/A,N/A,N/A,N/A,8036.0,0.0
0,39800,CHOCOLATE,8034,116,N/A,N/A,N/A,N/A,8036,116,N/A,N/A,N/A,N/A,8035.0,0.0
0,39900,CHOCOLATE,8035,40,8034.0,69.0,N/A,N/A,8036,109,N/A,N/A,N/A,N/A,8035.5,0.0
0,40000,CHOCOLATE,8033,145,N/A,N/A,N/A,N/A,8035,145,N/A,N/A,N/A,N/A,8034.0,0.0
0,40100,CHOCOLATE,8034,42,8033.0,57.0,N/A,N/A,8035,42,8036.0,57.0,N/A,N/A,8034.5,0.0
0,40200,CHOCOLATE,8034,115,N/A,N/A,N/A,N/A,8036,115,N/A,N/A,N/A,N/A,8035.0,0.0
0,40300,CHOCOLATE,8033,64,8032.0,86.0,N/A,N/A,8034,150,N/A,N/A,N/A,N/A,8033.5,0.0
0,40400,CHOCOLATE,8034,40,8033.0,52.0,N/A,N/A,8035,92,N/A,N/A,N/A,N/A,8034.5,0.0
0,40500,CHOCOLATE,8033,131,N/A,N/A,N/A,N/A,8035,131,N/A,N/A,N/A,N/A,8034.0,0.0
0,40600,CHOCOLATE,8035,54,8034.0,65.0,N/A,N/A,8036,119,N/A,N/A,N/A,N/A,8035.5,0.0
0,40700,CHOCOLATE,8035,141,N/A,N/A,N/A,N/A,8037,141,N/A,N/A,N/A,N/A,8036.0,0.0
0,40800,CHOCOLATE,8034,138,N/A,N/A,N/A,N/A,8036,138,N/A,N/A,N/A,N/A,8035.0,0.0
0,40900,CHOCOLATE,8034,135,N/A,N/A,N/A,N/A,8035,65,8036.0,70.0,N/A,N/A,8034.5,0.0
0,41000,CHOCOLATE,8033,64,8032.0,66.0,N/A,N/A,8034,130,N/A,N/A,N/A,N/A,8033.5,0.0
0,41100,CHOCOLATE,8032,110,N/A,N/A,N/A,N/A,8034,110,N/A,N/A,N/A,N/A,8033.0,0.0
0,41200,CHOCOLATE,8032,37,8031.0,69.0,N/A,N/A,8033,37,8034.0,69.0,N/A,N/A,8032.5,0.0
0,41300,CHOCOLATE,8032,48,8031.0,51.0,N/A,N/A,8033,48,8034.0,51.0,N/A,N/A,8032.5,0.0
0,41400,CHOCOLATE,8032,111,N/A,N/A,N/A,N/A,8034,107,N/A,N/A,N/A,N/A,8033.0,0.0
0,41500,CHOCOLATE,8034,49,8033.0,90.0,N/A,N/A,8035,139,N/A,N/A,N/A,N/A,8034.5,0.0
0,41600,CHOCOLATE,8034,93,N/A,N/A,N/A,N/A,8035,39,8036.0,54.0,N/A,N/A,8034.5,0.0
0,41700,CHOCOLATE,8034,53,8033.0,56.0,N/A,N/A,8035,53,8036.0,56.0,N/A,N/A,8034.5,0.0
0,41800,CHOCOLATE,8035,131,N/A,N/A,N/A,N/A,8036,51,8037.0,80.0,N/A,N/A,8035.5,0.0
0,41900,CHOCOLATE,8036,150,N/A,N/A,N/A,N/A,8038,150,N/A,N/A,N/A,N/A,8037.0,0.0
0,42000,CHOCOLATE,8035,106,N/A,N/A,N/A,N/A,8037,106,N/A,N/A,N/A,N/A,8036.0,0.0
0,42100,CHOCOLATE,8035,123,N/A,N/A,N/A,N/A,8036,60,8037.0,63.0,N/A,N/A,8035.5,0.0
0,42200,CHOCOLATE,8035,98,N/A,N/A,N/A,N/A,8036,43,8037.0,55.0,N/A,N/A,8035.5,0.0
0,42300,CHOCOLATE,8035,106,N/A,N/A,N/A,N/A,8037,106,N/A,N/A,N/A,N/A,8036.0,0.0
0,42400,CHOCOLATE,8034,129,N/A,N/A,N/A,N/A,8035,42,8036.0,87.0,N/A,N/A,8034.5,0.0
0,42500,CHOCOLATE,8034,149,N/A,N/A,N/A,N/A,8036,149,N/A,N/A,N/A,N/A,8035.0,0.0
0,42600,CHOCOLATE,8035,63,8034.0,60.0,N/A,N/A,8036,123,N/A,N/A,N/A,N/A,8035.5,0.0
0,42700,CHOCOLATE,8037,38,8036.0,91.0,N/A,N/A,8038,129,N/A,N/A,N/A,N/A,8037.5,0.0
0,42800,CHOCOLATE,8037,36,8036.0,96.0,N/A,N/A,8038,132,N/A,N/A,N/A,N/A,8037.5,0.0
0,42900,CHOCOLATE,8035,108,N/A,N/A,N/A,N/A,8037,108,N/A,N/A,N/A,N/A,8036.0,0.0
0,43000,CHOCOLATE,8034,117,N/A,N/A,N/A,N/A,8036,117,N/A,N/A,N/A,N/A,8035.0,0.0
0,43100,CHOCOLATE,8034,110,N/A,N/A,N/A,N/A,8036,110,N/A,N/A,N/A,N/A,8035.0,0.0
0,43200,CHOCOLATE,8033,113,N/A,N/A,N/A,N/A,8034,53,8035.0,60.0,N/A,N/A,8033.5,0.0
0,43300,CHOCOLATE,8034,117,N/A,N/A,N/A,N/A,8036,117,N/A,N/A,N/A,N/A,8035.0,0.0
0,43400,CHOCOLATE,8033,102,N/A,N/A,N/A,N/A,8035,102,N/A,N/A,N/A,N/A,8034.0,0.0
0,43500,CHOCOLATE,8036,134,N/A,N/A,N/A,N/A,8037,36,8038.0,98.0,N/A,N/A,8036.5,0.0
0,43600,CHOCOLATE,8035,56,8034.0,74.0,N/A,N/A,8036,56,8037.0,74.0,N/A,N/A,8035.5,0.0
0,43700,CHOCOLATE,8034,116,N/A,N/A,N/A,N/A,8036,116,N/A,N/A,N/A,N/A,8035.0,0.0
0,43800,CHOCOLATE,8036,63,8035.0,93.0,N/A,N/A,8037,63,8038.0,93.0,N/A,N/A,8036.5,0.0
0,43900,CHOCOLATE,8035,55,8034.0,60.0,N/A,N/A,8036,55,8037.0,60.0,N/A,N/A,8035.5,0.0
0,44000,CHOCOLATE,8035,45,8034.0,76.0,N/A,N/A,8036,45,8037.0,76.0,N/A,N/A,8035.5,0.0
0,44100,CHOCOLATE,8036,111,N/A,N/A,N/A,N/A,8038,111,N/A,N/A,N/A,N/A,8037.0,0.0
0,44200,CHOCOLATE,8037,130,N/A,N/A,N/A,N/A,8039,130,N/A,N/A,N/A,N/A,8038.0,0.0
0,44300,CHOCOLATE,8038,48,8037.0,76.0,N/A,N/A,8039,48,8040.0,76.0,N/A,N/A,8038.5,0.0
0,44400,CHOCOLATE,8038,132,N/A,N/A,N/A,N/A,8039,44,8040.0,88.0,N/A,N/A,8038.5,0.0
0,44500,CHOCOLATE,8037,108,N/A,N/A,N/A,N/A,8039,108,N/A,N/A,N/A,N/A,8038.0,0.0
0,44600,CHOCOLATE,8038,119,N/A,N/A,N/A,N/A,8039,60,8040.0,59.0,N/A,N/A,8038.5,0.0
0,44700,CHOCOLATE,8038,127,N/A,N/A,N/A,N/A,8040,127,N/A,N/A,N/A,N/A,8039.0,0.0
0,44800,CHOCOLATE,8037,56,8036.0,94.0,N/A,N/A,8038,150,N/A,N/A,N/A,N/A,8037.5,0.0
0,44900,CHOCOLATE,8038,48,8037.0,96.0,N/A,N/A,8039,48,8040.0,96.0,N/A,N/A,8038.5,0.0
0,45000,CHOCOLATE,8037,133,N/A,N/A,N/A,N/A,8039,133,N/A,N/A,N/A,N/A,8038.0,0.0
0,45100,CHOCOLATE,8037,135,N/A,N/A,N/A,N/A,8039,135,N/A,N/A,N/A,N/A,8038.0,0.0
0,45200,CHOCOLATE,8040,36,8039.0,77.0,N/A,N/A,8041,36,8042.0,77.0,N/A,N/A,8040.5,0.0
0,45300,CHOCOLATE,8040,129,N/A,N/A,N/A,N/A,8041,52,8042.0,77.0,N/A,N/A,8040.5,0.0
0,45400,CHOCOLATE,8041,57,8040.0,94.0,N/A,N/A,8042,57,8043.0,94.0,N/A,N/A,8041.5,0.0
0,45500,CHOCOLATE,8043,64,8042.0,50.0,N/A,N/A,8044,114,N/A,N/A,N/A,N/A,8043.5,0.0
0,45600,CHOCOLATE,8045,59,8044.0,92.0,N/A,N/A,8046,151,N/A,N/A,N/A,N/A,8045.5,0.0
0,45700,CHOCOLATE,8045,41,8044.0,93.0,N/A,N/A,8046,41,8047.0,93.0,N/A,N/A,8045.5,0.0
0,45800,CHOCOLATE,8047,107,N/A,N/A,N/A,N/A,8049,107,N/A,N/A,N/A,N/A,8048.0,0.0
0,45900,CHOCOLATE,8047,39,8046.0,82.0,N/A,N/A,8048,121,N/A,N/A,N/A,N/A,8047.5,0.0
0,46000,CHOCOLATE,8048,142,N/A,N/A,N/A,N/A,8050,142,N/A,N/A,N/A,N/A,8049.0,0.0
0,46100,CHOCOLATE,8051,126,N/A,N/A,N/A,N/A,8052,38,8053.0,88.0,N/A,N/A,8051.5,0.0
0,46200,CHOCOLATE,8050,106,N/A,N/A,N/A,N/A,8052,106,N/A,N/A,N/A,N/A,8051.0,0.0
0,46300,CHOCOLATE,8050,63,8049.0,64.0,N/A,N/A,8051,127,N/A,N/A,N/A,N/A,8050.5,0.0
0,46400,CHOCOLATE,8050,136,N/A,N/A,N/A,N/A,8051,57,8052.0,79.0,N/A,N/A,8050.5,0.0
0,46500,CHOCOLATE,8050,42,8049.0,59.0,N/A,N/A,8051,42,8052.0,59.0,N/A,N/A,8050.5,0.0
0,46600,CHOCOLATE,8050,159,N/A,N/A,N/A,N/A,8051,60,8052.0,99.0,N/A,N/A,8050.5,0.0
0,46700,CHOCOLATE,8049,118,N/A,N/A,N/A,N/A,8051,118,N/A,N/A,N/A,N/A,8050.0,0.0
0,46800,CHOCOLATE,8048,122,N/A,N/A,N/A,N/A,8050,122,N/A,N/A,N/A,N/A,8049.0,0.0
0,46900,CHOCOLATE,8047,154,N/A,N/A,N/A,N/A,8049,154,N/A,N/A,N/A,N/A,8048.0,0.0
0,47000,CHOCOLATE,8049,45,8048.0,68.0,N/A,N/A,8050,113,N/A,N/A,N/A,N/A,8049.5,0.0
0,47100,CHOCOLATE,8048,125,N/A,N/A,N/A,N/A,8049,52,8050.0,73.0,N/A,N/A,8048.5,0.0
0,47200,CHOCOLATE,8048,116,N/A,N/A,N/A,N/A,8050,116,N/A,N/A,N/A,N/A,8049.0,0.0
0,47300,CHOCOLATE,8046,123,N/A,N/A,N/A,N/A,8047,53,8048.0,80.0,N/A,N/A,8046.5,0.0
0,47400,CHOCOLATE,8048,101,N/A,N/A,N/A,N/A,8050,101,N/A,N/A,N/A,N/A,8049.0,0.0
0,47500,CHOCOLATE,8047,137,N/A,N/A,N/A,N/A,8049,137,N/A,N/A,N/A,N/A,8048.0,0.0
0,47600,CHOCOLATE,8047,126,N/A,N/A,N/A,N/A,8049,126,N/A,N/A,N/A,N/A,8048.0,0.0
0,47700,CHOCOLATE,8047,55,8046.0,69.0,N/A,N/A,8048,55,8049.0,69.0,N/A,N/A,8047.5,0.0
0,47800,CHOCOLATE,8046,115,N/A,N/A,N/A,N/A,8048,115,N/A,N/A,N/A,N/A,8047.0,0.0
0,47900,CHOCOLATE,8048,58,8047.0,64.0,N/A,N/A,8049,129,N/A,N/A,N/A,N/A,8048.5,0.0
0,48000,CHOCOLATE,8047,43,8046.0,78.0,N/A,N/A,8048,121,N/A,N/A,N/A,N/A,8047.5,0.0
0,48100,CHOCOLATE,8046,59,8045.0,58.0,N/A,N/A,8047,59,8048.0,58.0,N/A,N/A,8046.5,0.0
0,48200,CHOCOLATE,8046,108,N/A,N/A,N/A,N/A,8048,108,N/A,N/A,N/A,N/A,8047.0,0.0
0,48300,CHOCOLATE,8046,140,N/A,N/A,N/A,N/A,8048,140,N/A,N/A,N/A,N/A,8047.0,0.0
0,48400,CHOCOLATE,8046,59,8045.0,76.0,N/A,N/A,8047,59,8048.0,76.0,N/A,N/A,8046.5,0.0
0,48500,CHOCOLATE,8047,42,8046.0,78.0,N/A,N/A,8048,120,N/A,N/A,N/A,N/A,8047.5,0.0
0,48600,CHOCOLATE,8046,128,N/A,N/A,N/A,N/A,8048,128,N/A,N/A,N/A,N/A,8047.0,0.0
0,48700,CHOCOLATE,8045,116,N/A,N/A,N/A,N/A,8046,60,8047.0,56.0,N/A,N/A,8045.5,0.0
0,48800,CHOCOLATE,8044,144,N/A,N/A,N/A,N/A,8046,144,N/A,N/A,N/A,N/A,8045.0,0.0
0,48900,CHOCOLATE,8046,109,N/A,N/A,N/A,N/A,8047,41,8048.0,68.0,N/A,N/A,8046.5,0.0
0,49000,CHOCOLATE,8046,55,8045.0,89.0,N/A,N/A,8047,144,N/A,N/A,N/A,N/A,8046.5,0.0
0,49100,CHOCOLATE,8042,147,N/A,N/A,N/A,N/A,8044,147,N/A,N/A,N/A,N/A,8043.0,0.0
0,49200,CHOCOLATE,8042,103,N/A,N/A,N/A,N/A,8044,103,N/A,N/A,N/A,N/A,8043.0,0.0
0,49300,CHOCOLATE,8043,122,N/A,N/A,N/A,N/A,8044,65,8045.0,57.0,N/A,N/A,8043.5,0.0
0,49400,CHOCOLATE,8043,99,N/A,N/A,N/A,N/A,8045,99,N/A,N/A,N/A,N/A,8044.0,0.0
0,49500,CHOCOLATE,8044,109,N/A,N/A,N/A,N/A,8045,56,8046.0,53.0,N/A,N/A,8044.5,0.0
0,49600,CHOCOLATE,8044,150,N/A,N/A,N/A,N/A,8046,150,N/A,N/A,N/A,N/A,8045.0,0.0
0,49700,CHOCOLATE,8044,120,N/A,N/A,N/A,N/A,8045,56,8046.0,64.0,N/A,N/A,8044.5,0.0
0,49800,CHOCOLATE,8046,134,N/A,N/A,N/A,N/A,8047,47,8048.0,87.0,N/A,N/A,8046.5,0.0
0,49900,CHOCOLATE,8046,113,N/A,N/A,N/A,N/A,8047,62,8048.0,51.0,N/A,N/A,8046.5,0.0
0,50000,CHOCOLATE,8046,95,N/A,N/A,N/A,N/A,8048,99,N/A,N/A,N/A,N/A,8047.0,0.0
0,50100,CHOCOLATE,8048,120,N/A,N/A,N/A,N/A,8049,52,8050.0,68.0,N/A,N/A,8048.5,0.0
0,50200,CHOCOLATE,8048,136,N/A,N/A,N/A,N/A,8050,136,N/A,N/A,N/A,N/A,8049.0,0.0
0,50300,CHOCOLATE,8047,133,N/A,N/A,N/A,N/A,8049,133,N/A,N/A,N/A,N/A,8048.0,0.0
0,50400,CHOCOLATE,8046,108,N/A,N/A,N/A,N/A,8048,108,N/A,N/A,N/A,N/A,8047.0,0.0
0,50500,CHOCOLATE,8048,60,8047.0,80.0,N/A,N/A,8049,60,8050.0,80.0,N/A,N/A,8048.5,0.0
0,50600,CHOCOLATE,8049,48,8048.0,96.0,N/A,N/A,8050,144,N/A,N/A,N/A,N/A,8049.5,0.0
0,50700,CHOCOLATE,8047,144,N/A,N/A,N/A,N/A,8049,144,N/A,N/A,N/A,N/A,8048.0,0.0
0,50800,CHOCOLATE,8047,60,8046.0,62.0,N/A,N/A,8048,60,8049.0,62.0,N/A,N/A,8047.5,0.0
0,50900,CHOCOLATE,8046,101,N/A,N/A,N/A,N/A,8048,101,N/A,N/A,N/A,N/A,8047.0,0.0
0,51000,CHOCOLATE,8046,47,8045.0,100.0,N/A,N/A,8047,47,8048.0,100.0,N/A,N/A,8046.5,0.0
0,51100,CHOCOLATE,8043,51,8042.0,80.0,N/A,N/A,8044,51,8045.0,80.0,N/A,N/A,8043.5,0.0
0,51200,CHOCOLATE,8043,118,N/A,N/A,N/A,N/A,8044,46,8045.0,72.0,N/A,N/A,8043.5,0.0
0,51300,CHOCOLATE,8044,57,8043.0,52.0,N/A,N/A,8045,109,N/A,N/A,N/A,N/A,8044.5,0.0
0,51400,CHOCOLATE,8044,121,N/A,N/A,N/A,N/A,8045,37,8046.0,84.0,N/A,N/A,8044.5,0.0
0,51500,CHOCOLATE,8042,36,8041.0,66.0,N/A,N/A,8043,102,N/A,N/A,N/A,N/A,8042.5,0.0
0,51600,CHOCOLATE,8042,129,N/A,N/A,N/A,N/A,8044,129,N/A,N/A,N/A,N/A,8043.0,0.0
0,51700,CHOCOLATE,8043,155,N/A,N/A,N/A,N/A,8045,155,N/A,N/A,N/A,N/A,8044.0,0.0
0,51800,CHOCOLATE,8044,47,8043.0,78.0,N/A,N/A,8045,125,N/A,N/A,N/A,N/A,8044.5,0.0
0,51900,CHOCOLATE,8043,113,N/A,N/A,N/A,N/A,8045,113,N/A,N/A,N/A,N/A,8044.0,0.0
0,52000,CHOCOLATE,8044,142,N/A,N/A,N/A,N/A,8046,142,N/A,N/A,N/A,N/A,8045.0,0.0
0,52100,CHOCOLATE,8046,41,8045.0,96.0,N/A,N/A,8047,137,N/A,N/A,N/A,N/A,8046.5,0.0
0,52200,CHOCOLATE,8045,126,N/A,N/A,N/A,N/A,8047,126,N/A,N/A,N/A,N/A,8046.0,0.0
0,52300,CHOCOLATE,8046,137,N/A,N/A,N/A,N/A,8047,53,8048.0,84.0,N/A,N/A,8046.5,0.0
0,52400,CHOCOLATE,8045,143,N/A,N/A,N/A,N/A,8046,52,8047.0,91.0,N/A,N/A,8045.5,0.0
0,52500,CHOCOLATE,8046,53,8045.0,88.0,N/A,N/A,8047,53,8048.0,88.0,N/A,N/A,8046.5,0.0
0,52600,CHOCOLATE,8043,62,8042.0,54.0,N/A,N/A,8044,62,8045.0,54.0,N/A,N/A,8043.5,0.0
0,52700,CHOCOLATE,8040,6,8039.0,138.0,N/A,N/A,8041,138,N/A,N/A,N/A,N/A,8040.5,0.0
0,52800,CHOCOLATE,8038,118,N/A,N/A,N/A,N/A,8040,118,N/A,N/A,N/A,N/A,8039.0,0.0
0,52900,CHOCOLATE,8037,96,N/A,N/A,N/A,N/A,8038,43,8039.0,53.0,N/A,N/A,8037.5,0.0
0,53000,CHOCOLATE,8037,36,8036.0,86.0,N/A,N/A,8038,122,N/A,N/A,N/A,N/A,8037.5,0.0
0,53100,CHOCOLATE,8035,108,N/A,N/A,N/A,N/A,8036,43,8037.0,65.0,N/A,N/A,8035.5,0.0
0,53200,CHOCOLATE,8036,64,8035.0,79.0,N/A,N/A,8037,143,N/A,N/A,N/A,N/A,8036.5,0.0
0,53300,CHOCOLATE,8035,56,8034.0,51.0,N/A,N/A,8036,107,N/A,N/A,N/A,N/A,8035.5,0.0
0,53400,CHOCOLATE,8033,109,N/A,N/A,N/A,N/A,8034,45,8035.0,64.0,N/A,N/A,8033.5,0.0
0,53500,CHOCOLATE,8032,35,8031.0,88.0,N/A,N/A,8033,35,8034.0,88.0,N/A,N/A,8032.5,0.0
0,53600,CHOCOLATE,8033,145,N/A,N/A,N/A,N/A,8035,145,N/A,N/A,N/A,N/A,8034.0,0.0
0,53700,CHOCOLATE,8034,39,8033.0,66.0,N/A,N/A,8035,105,N/A,N/A,N/A,N/A,8034.5,0.0
0,53800,CHOCOLATE,8034,136,N/A,N/A,N/A,N/A,8035,55,8036.0,81.0,N/A,N/A,8034.5,0.0
0,53900,CHOCOLATE,8033,125,N/A,N/A,N/A,N/A,8035,125,N/A,N/A,N/A,N/A,8034.0,0.0
0,54000,CHOCOLATE,8036,119,N/A,N/A,N/A,N/A,8037,42,8038.0,77.0,N/A,N/A,8036.5,0.0
0,54100,CHOCOLATE,8034,132,N/A,N/A,N/A,N/A,8036,132,N/A,N/A,N/A,N/A,8035.0,0.0
0,54200,CHOCOLATE,8033,45,8032.0,97.0,N/A,N/A,8034,45,8035.0,97.0,N/A,N/A,8033.5,0.0
0,54300,CHOCOLATE,8034,150,N/A,N/A,N/A,N/A,8035,63,8036.0,87.0,N/A,N/A,8034.5,0.0
0,54400,CHOCOLATE,8032,100,N/A,N/A,N/A,N/A,8034,100,N/A,N/A,N/A,N/A,8033.0,0.0
0,54500,CHOCOLATE,8032,106,N/A,N/A,N/A,N/A,8034,106,N/A,N/A,N/A,N/A,8033.0,0.0
0,54600,CHOCOLATE,8033,149,N/A,N/A,N/A,N/A,8035,149,N/A,N/A,N/A,N/A,8034.0,0.0
0,54700,CHOCOLATE,8033,111,N/A,N/A,N/A,N/A,8035,111,N/A,N/A,N/A,N/A,8034.0,0.0
0,54800,CHOCOLATE,8032,121,N/A,N/A,N/A,N/A,8034,121,N/A,N/A,N/A,N/A,8033.0,0.0
0,54900,CHOCOLATE,8031,158,N/A,N/A,N/A,N/A,8033,158,N/A,N/A,N/A,N/A,8032.0,0.0
0,55000,CHOCOLATE,8031,46,8030.0,78.0,N/A,N/A,8032,46,8033.0,78.0,N/A,N/A,8031.5,0.0
0,55100,CHOCOLATE,8032,62,8031.0,60.0,N/A,N/A,8033,122,N/A,N/A,N/A,N/A,8032.5,0.0
0,55200,CHOCOLATE,8030,138,N/A,N/A,N/A,N/A,8032,138,N/A,N/A,N/A,N/A,8031.0,0.0
0,55300,CHOCOLATE,8031,136,N/A,N/A,N/A,N/A,8033,136,N/A,N/A,N/A,N/A,8032.0,0.0
0,55400,CHOCOLATE,8030,44,8029.0,78.0,N/A,N/A,8031,122,N/A,N/A,N/A,N/A,8030.5,0.0
0,55500,CHOCOLATE,8030,52,8029.0,56.0,N/A,N/A,8031,52,8032.0,56.0,N/A,N/A,8030.5,0.0
0,55600,CHOCOLATE,8030,41,8029.0,83.0,N/A,N/A,8031,124,N/A,N/A,N/A,N/A,8030.5,0.0
0,55700,CHOCOLATE,8032,47,8031.0,84.0,N/A,N/A,8033,131,N/A,N/A,N/A,N/A,8032.5,0.0
0,55800,CHOCOLATE,8031,53,8030.0,75.0,N/A,N/A,8032,53,8033.0,75.0,N/A,N/A,8031.5,0.0
0,55900,CHOCOLATE,8031,64,8030.0,61.0,N/A,N/A,8032,125,N/A,N/A,N/A,N/A,8031.5,0.0
0,56000,CHOCOLATE,8029,113,N/A,N/A,N/A,N/A,8031,113,N/A,N/A,N/A,N/A,8030.0,0.0
0,56100,CHOCOLATE,8029,120,N/A,N/A,N/A,N/A,8031,120,N/A,N/A,N/A,N/A,8030.0,0.0
0,56200,CHOCOLATE,8030,118,N/A,N/A,N/A,N/A,8032,118,N/A,N/A,N/A,N/A,8031.0,0.0
0,56300,CHOCOLATE,8030,119,N/A,N/A,N/A,N/A,8031,64,8032.0,55.0,N/A,N/A,8030.5,0.0
0,56400,CHOCOLATE,8033,35,8032.0,54.0,N/A,N/A,8034,89,N/A,N/A,N/A,N/A,8033.5,0.0
0,56500,CHOCOLATE,8034,47,8033.0,86.0,N/A,N/A,8035,133,N/A,N/A,N/A,N/A,8034.5,0.0
0,56600,CHOCOLATE,8033,154,N/A,N/A,N/A,N/A,8034,54,8035.0,100.0,N/A,N/A,8033.5,0.0
0,56700,CHOCOLATE,8033,118,N/A,N/A,N/A,N/A,8035,118,N/A,N/A,N/A,N/A,8034.0,0.0
0,56800,CHOCOLATE,8033,62,8032.0,92.0,N/A,N/A,8034,62,8035.0,92.0,N/A,N/A,8033.5,0.0
0,56900,CHOCOLATE,8031,127,N/A,N/A,N/A,N/A,8032,55,8033.0,72.0,N/A,N/A,8031.5,0.0
0,57000,CHOCOLATE,8033,54,8032.0,50.0,N/A,N/A,8034,104,N/A,N/A,N/A,N/A,8033.5,0.0
0,57100,CHOCOLATE,8032,145,N/A,N/A,N/A,N/A,8034,145,N/A,N/A,N/A,N/A,8033.0,0.0
0,57200,CHOCOLATE,8032,117,N/A,N/A,N/A,N/A,8034,117,N/A,N/A,N/A,N/A,8033.0,0.0
0,57300,CHOCOLATE,8033,53,8032.0,63.0,N/A,N/A,8034,53,8035.0,63.0,N/A,N/A,8033.5,0.0
0,57400,CHOCOLATE,8034,152,N/A,N/A,N/A,N/A,8035,56,8036.0,96.0,N/A,N/A,8034.5,0.0
0,57500,CHOCOLATE,8033,61,8032.0,85.0,N/A,N/A,8034,146,N/A,N/A,N/A,N/A,8033.5,0.0
0,57600,CHOCOLATE,8033,119,N/A,N/A,N/A,N/A,8034,49,8035.0,70.0,N/A,N/A,8033.5,0.0
0,57700,CHOCOLATE,8032,10,8031.0,131.0,N/A,N/A,8033,131,N/A,N/A,N/A,N/A,8032.5,0.0
0,57800,CHOCOLATE,8031,87,N/A,N/A,N/A,N/A,8033,87,N/A,N/A,N/A,N/A,8032.0,0.0
0,57900,CHOCOLATE,8032,140,N/A,N/A,N/A,N/A,8033,55,8034.0,85.0,N/A,N/A,8032.5,0.0
0,58000,CHOCOLATE,8034,41,8033.0,80.0,N/A,N/A,8035,41,8036.0,80.0,N/A,N/A,8034.5,0.0
0,58100,CHOCOLATE,8034,52,8033.0,87.0,N/A,N/A,8035,139,N/A,N/A,N/A,N/A,8034.5,0.0
0,58200,CHOCOLATE,8033,114,N/A,N/A,N/A,N/A,8035,114,N/A,N/A,N/A,N/A,8034.0,0.0
0,58300,CHOCOLATE,8034,112,N/A,N/A,N/A,N/A,8035,35,8036.0,77.0,N/A,N/A,8034.5,0.0
0,58400,CHOCOLATE,8034,131,N/A,N/A,N/A,N/A,8036,131,N/A,N/A,N/A,N/A,8035.0,0.0
0,58500,CHOCOLATE,8033,57,8032.0,89.0,N/A,N/A,8034,57,8035.0,89.0,N/A,N/A,8033.5,0.0
0,58600,CHOCOLATE,8033,130,N/A,N/A,N/A,N/A,8034,65,8035.0,65.0,N/A,N/A,8033.5,0.0
0,58700,CHOCOLATE,8033,52,8032.0,99.0,N/A,N/A,8034,52,8035.0,99.0,N/A,N/A,8033.5,0.0
0,58800,CHOCOLATE,8033,64,8032.0,53.0,N/A,N/A,8034,117,N/A,N/A,N/A,N/A,8033.5,0.0
0,58900,CHOCOLATE,8032,155,N/A,N/A,N/A,N/A,8033,57,8034.0,98.0,N/A,N/A,8032.5,0.0
0,59000,CHOCOLATE,8031,109,N/A,N/A,N/A,N/A,8033,109,N/A,N/A,N/A,N/A,8032.0,0.0
0,59100,CHOCOLATE,8032,129,N/A,N/A,N/A,N/A,8034,129,N/A,N/A,N/A,N/A,8033.0,0.0
0,59200,CHOCOLATE,8031,141,N/A,N/A,N/A,N/A,8033,141,N/A,N/A,N/A,N/A,8032.0,0.0
0,59300,CHOCOLATE,8031,121,N/A,N/A,N/A,N/A,8033,121,N/A,N/A,N/A,N/A,8032.0,0.0
0,59400,CHOCOLATE,8031,148,N/A,N/A,N/A,N/A,8033,148,N/A,N/A,N/A,N/A,8032.0,0.0
0,59500,CHOCOLATE,8033,42,8032.0,79.0,N/A,N/A,8034,121,N/A,N/A,N/A,N/A,8033.5,0.0
0,59600,CHOCOLATE,8035,10,8034.0,126.0,N/A,N/A,8036,126,N/A,N/A,N/A,N/A,8035.5,0.0
0,59700,CHOCOLATE,8035,52,8034.0,78.0,N/A,N/A,8036,52,8037.0,78.0,N/A,N/A,8035.5,0.0
0,59800,CHOCOLATE,8035,152,N/A,N/A,N/A,N/A,8036,61,8037.0,91.0,N/A,N/A,8035.5,0.0
0,59900,CHOCOLATE,8036,149,N/A,N/A,N/A,N/A,8037,59,8038.0,90.0,N/A,N/A,8036.5,0.0
0,60000,CHOCOLATE,8035,45,8034.0,61.0,N/A,N/A,8036,45,8037.0,61.0,N/A,N/A,8035.5,0.0
0,60100,CHOCOLATE,8034,56,8033.0,56.0,N/A,N/A,8035,56,8036.0,56.0,N/A,N/A,8034.5,0.0
0,60200,CHOCOLATE,8034,110,N/A,N/A,N/A,N/A,8035,49,8036.0,61.0,N/A,N/A,8034.5,0.0
0,60300,CHOCOLATE,8034,118,N/A,N/A,N/A,N/A,8036,118,N/A,N/A,N/A,N/A,8035.0,0.0
0,60400,CHOCOLATE,8034,41,8033.0,67.0,N/A,N/A,8035,41,8036.0,67.0,N/A,N/A,8034.5,0.0
0,60500,CHOCOLATE,8033,150,N/A,N/A,N/A,N/A,8034,51,8035.0,99.0,N/A,N/A,8033.5,0.0
0,60600,CHOCOLATE,8032,155,N/A,N/A,N/A,N/A,8034,155,N/A,N/A,N/A,N/A,8033.0,0.0
0,60700,CHOCOLATE,8032,63,8031.0,83.0,N/A,N/A,8033,63,8034.0,83.0,N/A,N/A,8032.5,0.0
0,60800,CHOCOLATE,8032,142,N/A,N/A,N/A,N/A,8034,142,N/A,N/A,N/A,N/A,8033.0,0.0
0,60900,CHOCOLATE,8034,48,8033.0,95.0,N/A,N/A,8035,143,N/A,N/A,N/A,N/A,8034.5,0.0
0,61000,CHOCOLATE,8034,114,N/A,N/A,N/A,N/A,8036,114,N/A,N/A,N/A,N/A,8035.0,0.0
0,61100,CHOCOLATE,8035,122,N/A,N/A,N/A,N/A,8037,122,N/A,N/A,N/A,N/A,8036.0,0.0
0,61200,CHOCOLATE,8036,126,N/A,N/A,N/A,N/A,8037,63,8038.0,63.0,N/A,N/A,8036.5,0.0
0,61300,CHOCOLATE,8037,121,N/A,N/A,N/A,N/A,8039,121,N/A,N/A,N/A,N/A,8038.0,0.0
0,61400,CHOCOLATE,8038,40,8037.0,59.0,N/A,N/A,8039,40,8040.0,59.0,N/A,N/A,8038.5,0.0
0,61500,CHOCOLATE,8038,132,N/A,N/A,N/A,N/A,8040,132,N/A,N/A,N/A,N/A,8039.0,0.0
0,61600,CHOCOLATE,8039,48,8038.0,75.0,N/A,N/A,8040,48,8041.0,75.0,N/A,N/A,8039.5,0.0
0,61700,CHOCOLATE,8041,58,8040.0,56.0,N/A,N/A,8042,114,N/A,N/A,N/A,N/A,8041.5,0.0
0,61800,CHOCOLATE,8040,128,N/A,N/A,N/A,N/A,8041,48,8042.0,80.0,N/A,N/A,8040.5,0.0
0,61900,CHOCOLATE,8041,47,8040.0,89.0,N/A,N/A,8042,47,8043.0,89.0,N/A,N/A,8041.5,0.0
0,62000,CHOCOLATE,8040,130,N/A,N/A,N/A,N/A,8042,130,N/A,N/A,N/A,N/A,8041.0,0.0
0,62100,CHOCOLATE,8040,148,N/A,N/A,N/A,N/A,8041,53,8042.0,95.0,N/A,N/A,8040.5,0.0
0,62200,CHOCOLATE,8038,142,N/A,N/A,N/A,N/A,8040,142,N/A,N/A,N/A,N/A,8039.0,0.0
0,62300,CHOCOLATE,8037,63,8036.0,92.0,N/A,N/A,8038,155,N/A,N/A,N/A,N/A,8037.5,0.0
0,62400,CHOCOLATE,8038,37,8037.0,60.0,N/A,N/A,8039,97,N/A,N/A,N/A,N/A,8038.5,0.0
0,62500,CHOCOLATE,8037,142,N/A,N/A,N/A,N/A,8038,45,8039.0,97.0,N/A,N/A,8037.5,0.0
0,62600,CHOCOLATE,8037,96,N/A,N/A,N/A,N/A,8038,53,8039.0,52.0,N/A,N/A,8037.5,0.0
0,62700,CHOCOLATE,8037,130,N/A,N/A,N/A,N/A,8039,130,N/A,N/A,N/A,N/A,8038.0,0.0
0,62800,CHOCOLATE,8040,63,8039.0,53.0,N/A,N/A,8041,63,8042.0,53.0,N/A,N/A,8040.5,0.0
0,62900,CHOCOLATE,8039,53,8038.0,59.0,N/A,N/A,8040,112,N/A,N/A,N/A,N/A,8039.5,0.0
0,63000,CHOCOLATE,8038,127,N/A,N/A,N/A,N/A,8040,127,N/A,N/A,N/A,N/A,8039.0,0.0
0,63100,CHOCOLATE,8037,137,N/A,N/A,N/A,N/A,8039,137,N/A,N/A,N/A,N/A,8038.0,0.0
0,63200,CHOCOLATE,8038,59,8037.0,88.0,N/A,N/A,8039,59,8040.0,88.0,N/A,N/A,8038.5,0.0
0,63300,CHOCOLATE,8038,59,8037.0,97.0,N/A,N/A,8039,59,8040.0,97.0,N/A,N/A,8038.5,0.0
0,63400,CHOCOLATE,8038,87,N/A,N/A,N/A,N/A,8039,35,8040.0,52.0,N/A,N/A,8038.5,0.0
0,63500,CHOCOLATE,8037,130,N/A,N/A,N/A,N/A,8039,130,N/A,N/A,N/A,N/A,8038.0,0.0
0,63600,CHOCOLATE,8038,116,N/A,N/A,N/A,N/A,8039,36,8040.0,80.0,N/A,N/A,8038.5,0.0
0,63700,CHOCOLATE,8039,133,N/A,N/A,N/A,N/A,8040,62,8041.0,71.0,N/A,N/A,8039.5,0.0
0,63800,CHOCOLATE,8038,93,N/A,N/A,N/A,N/A,8040,93,N/A,N/A,N/A,N/A,8039.0,0.0
0,63900,CHOCOLATE,8038,135,N/A,N/A,N/A,N/A,8039,63,8040.0,72.0,N/A,N/A,8038.5,0.0
0,64000,CHOCOLATE,8039,38,8038.0,69.0,N/A,N/A,8040,38,8041.0,69.0,N/A,N/A,8039.5,0.0
0,64100,CHOCOLATE,8039,112,N/A,N/A,N/A,N/A,8041,112,N/A,N/A,N/A,N/A,8040.0,0.0
0,64200,CHOCOLATE,8039,114,N/A,N/A,N/A,N/A,8041,114,N/A,N/A,N/A,N/A,8040.0,0.0
0,64300,CHOCOLATE,8038,90,N/A,N/A,N/A,N/A,8040,90,N/A,N/A,N/A,N/A,8039.0,0.0
0,64400,CHOCOLATE,8039,98,N/A,N/A,N/A,N/A,8040,44,8041.0,54.0,N/A,N/A,8039.5,0.0
0,64500,CHOCOLATE,8037,134,N/A,N/A,N/A,N/A,8039,134,N/A,N/A,N/A,N/A,8038.0,0.0
0,64600,CHOCOLATE,8035,124,N/A,N/A,N/A,N/A,8037,124,N/A,N/A,N/A,N/A,8036.0,0.0
0,64700,CHOCOLATE,8035,61,8034.0,50.0,N/A,N/A,8036,61,8037.0,50.0,N/A,N/A,8035.5,0.0
0,64800,CHOCOLATE,8037,55,8036.0,73.0,N/A,N/A,8038,128,N/A,N/A,N/A,N/A,8037.5,0.0
0,64900,CHOCOLATE,8035,143,N/A,N/A,N/A,N/A,8036,54,8037.0,89.0,N/A,N/A,8035.5,0.0
0,65000,CHOCOLATE,8034,126,N/A,N/A,N/A,N/A,8036,126,N/A,N/A,N/A,N/A,8035.0,0.0
0,65100,CHOCOLATE,8034,39,8033.0,62.0,N/A,N/A,8035,101,N/A,N/A,N/A,N/A,8034.5,0.0
0,65200,CHOCOLATE,8035,36,8034.0,67.0,N/A,N/A,8036,36,8037.0,67.0,N/A,N/A,8035.5,0.0
0,65300,CHOCOLATE,8034,60,8033.0,51.0,N/A,N/A,8035,60,8036.0,51.0,N/A,N/A,8034.5,0.0
0,65400,CHOCOLATE,8032,149,N/A,N/A,N/A,N/A,8033,60,8034.0,89.0,N/A,N/A,8032.5,0.0
0,65500,CHOCOLATE,8031,124,N/A,N/A,N/A,N/A,8033,124,N/A,N/A,N/A,N/A,8032.0,0.0
0,65600,CHOCOLATE,8032,47,8031.0,76.0,N/A,N/A,8033,123,N/A,N/A,N/A,N/A,8032.5,0.0
0,65700,CHOCOLATE,8033,65,8032.0,56.0,N/A,N/A,8034,121,N/A,N/A,N/A,N/A,8033.5,0.0
0,65800,CHOCOLATE,8031,128,N/A,N/A,N/A,N/A,8033,128,N/A,N/A,N/A,N/A,8032.0,0.0
0,65900,CHOCOLATE,8032,57,8031.0,57.0,N/A,N/A,8033,118,N/A,N/A,N/A,N/A,8032.5,0.0
0,66000,CHOCOLATE,8032,149,N/A,N/A,N/A,N/A,8034,149,N/A,N/A,N/A,N/A,8033.0,0.0
0,66100,CHOCOLATE,8032,42,8031.0,74.0,N/A,N/A,8033,42,8034.0,74.0,N/A,N/A,8032.5,0.0
0,66200,CHOCOLATE,8031,103,N/A,N/A,N/A,N/A,8033,103,N/A,N/A,N/A,N/A,8032.0,0.0
0,66300,CHOCOLATE,8031,144,N/A,N/A,N/A,N/A,8033,144,N/A,N/A,N/A,N/A,8032.0,0.0
0,66400,CHOCOLATE,8032,47,8031.0,69.0,N/A,N/A,8033,116,N/A,N/A,N/A,N/A,8032.5,0.0
0,66500,CHOCOLATE,8031,147,N/A,N/A,N/A,N/A,8033,147,N/A,N/A,N/A,N/A,8032.0,0.0
0,66600,CHOCOLATE,8031,36,8030.0,62.0,N/A,N/A,8032,36,8033.0,62.0,N/A,N/A,8031.5,0.0
0,66700,CHOCOLATE,8030,121,N/A,N/A,N/A,N/A,8031,38,8032.0,83.0,N/A,N/A,8030.5,0.0
0,66800,CHOCOLATE,8029,146,N/A,N/A,N/A,N/A,8031,146,N/A,N/A,N/A,N/A,8030.0,0.0
0,66900,CHOCOLATE,8029,37,8028.0,70.0,N/A,N/A,8030,107,N/A,N/A,N/A,N/A,8029.5,0.0
0,67000,CHOCOLATE,8029,163,N/A,N/A,N/A,N/A,8031,163,N/A,N/A,N/A,N/A,8030.0,0.0
0,67100,CHOCOLATE,8029,113,N/A,N/A,N/A,N/A,8030,35,8031.0,78.0,N/A,N/A,8029.5,0.0
0,67200,CHOCOLATE,8027,99,N/A,N/A,N/A,N/A,8029,99,N/A,N/A,N/A,N/A,8028.0,0.0
0,67300,CHOCOLATE,8028,137,N/A,N/A,N/A,N/A,8029,42,8030.0,95.0,N/A,N/A,8028.5,0.0
0,67400,CHOCOLATE,8028,127,N/A,N/A,N/A,N/A,8029,53,8030.0,74.0,N/A,N/A,8028.5,0.0
0,67500,CHOCOLATE,8028,36,8027.0,53.0,N/A,N/A,8029,89,N/A,N/A,N/A,N/A,8028.5,0.0
0,67600,CHOCOLATE,8027,62,8026.0,92.0,N/A,N/A,8028,62,8029.0,92.0,N/A,N/A,8027.5,0.0
0,67700,CHOCOLATE,8027,115,N/A,N/A,N/A,N/A,8029,115,N/A,N/A,N/A,N/A,8028.0,0.0
0,67800,CHOCOLATE,8026,64,8025.0,72.0,N/A,N/A,8027,64,8028.0,72.0,N/A,N/A,8026.5,0.0
0,67900,CHOCOLATE,8025,134,N/A,N/A,N/A,N/A,8027,128,N/A,N/A,N/A,N/A,8026.0,0.0
0,68000,CHOCOLATE,8025,135,N/A,N/A,N/A,N/A,8026,40,8027.0,95.0,N/A,N/A,8025.5,0.0
0,68100,CHOCOLATE,8025,157,N/A,N/A,N/A,N/A,8026,62,8027.0,95.0,N/A,N/A,8025.5,0.0
0,68200,CHOCOLATE,8025,107,N/A,N/A,N/A,N/A,8027,107,N/A,N/A,N/A,N/A,8026.0,0.0
0,68300,CHOCOLATE,8028,48,8027.0,86.0,N/A,N/A,8029,134,N/A,N/A,N/A,N/A,8028.5,0.0
0,68400,CHOCOLATE,8028,65,8027.0,62.0,N/A,N/A,8029,65,8030.0,62.0,N/A,N/A,8028.5,0.0
0,68500,CHOCOLATE,8026,115,N/A,N/A,N/A,N/A,8028,115,N/A,N/A,N/A,N/A,8027.0,0.0
0,68600,CHOCOLATE,8028,46,8027.0,72.0,N/A,N/A,8029,46,8030.0,72.0,N/A,N/A,8028.5,0.0
0,68700,CHOCOLATE,8029,46,8028.0,94.0,N/A,N/A,8030,144,N/A,N/A,N/A,N/A,8029.5,0.0
0,68800,CHOCOLATE,8029,135,N/A,N/A,N/A,N/A,8031,135,N/A,N/A,N/A,N/A,8030.0,0.0
0,68900,CHOCOLATE,8028,148,N/A,N/A,N/A,N/A,8030,148,N/A,N/A,N/A,N/A,8029.0,0.0
0,69000,CHOCOLATE,8028,126,N/A,N/A,N/A,N/A,8030,126,N/A,N/A,N/A,N/A,8029.0,0.0
0,69100,CHOCOLATE,8030,51,8029.0,57.0,N/A,N/A,8031,108,N/A,N/A,N/A,N/A,8030.5,0.0
0,69200,CHOCOLATE,8031,49,8030.0,82.0,N/A,N/A,8032,131,N/A,N/A,N/A,N/A,8031.5,0.0
0,69300,CHOCOLATE,8031,52,8030.0,88.0,N/A,N/A,8032,52,8033.0,88.0,N/A,N/A,8031.5,0.0
0,69400,CHOCOLATE,8030,148,N/A,N/A,N/A,N/A,8031,52,8032.0,96.0,N/A,N/A,8030.5,0.0
0,69500,CHOCOLATE,8030,41,8029.0,77.0,N/A,N/A,8031,41,8032.0,77.0,N/A,N/A,8030.5,0.0
0,69600,CHOCOLATE,8033,125,N/A,N/A,N/A,N/A,8034,56,8035.0,69.0,N/A,N/A,8033.5,0.0
0,69700,CHOCOLATE,8032,56,8031.0,56.0,N/A,N/A,8033,56,8034.0,56.0,N/A,N/A,8032.5,0.0
0,69800,CHOCOLATE,8031,112,N/A,N/A,N/A,N/A,8032,56,8033.0,56.0,N/A,N/A,8031.5,0.0
0,69900,CHOCOLATE,8033,49,8032.0,97.0,N/A,N/A,8034,146,N/A,N/A,N/A,N/A,8033.5,0.0
0,70000,CHOCOLATE,8033,42,8032.0,88.0,N/A,N/A,8034,130,N/A,N/A,N/A,N/A,8033.5,0.0
0,70100,CHOCOLATE,8033,129,N/A,N/A,N/A,N/A,8035,129,N/A,N/A,N/A,N/A,8034.0,0.0
0,70200,CHOCOLATE,8034,144,N/A,N/A,N/A,N/A,8036,144,N/A,N/A,N/A,N/A,8035.0,0.0
0,70300,CHOCOLATE,8032,98,N/A,N/A,N/A,N/A,8033,42,8034.0,56.0,N/A,N/A,8032.5,0.0
0,70400,CHOCOLATE,8032,54,8031.0,99.0,N/A,N/A,8033,54,8034.0,99.0,N/A,N/A,8032.5,0.0
0,70500,CHOCOLATE,8031,145,N/A,N/A,N/A,N/A,8032,47,8033.0,98.0,N/A,N/A,8031.5,0.0
0,70600,CHOCOLATE,8031,59,8030.0,61.0,N/A,N/A,8032,120,N/A,N/A,N/A,N/A,8031.5,0.0
0,70700,CHOCOLATE,8030,113,N/A,N/A,N/A,N/A,8032,113,N/A,N/A,N/A,N/A,8031.0,0.0
0,70800,CHOCOLATE,8031,43,8030.0,84.0,N/A,N/A,8032,127,N/A,N/A,N/A,N/A,8031.5,0.0
0,70900,CHOCOLATE,8030,99,N/A,N/A,N/A,N/A,8032,99,N/A,N/A,N/A,N/A,8031.0,0.0
0,71000,CHOCOLATE,8031,116,N/A,N/A,N/A,N/A,8032,39,8033.0,77.0,N/A,N/A,8031.5,0.0
0,71100,CHOCOLATE,8030,38,8029.0,71.0,N/A,N/A,8031,109,N/A,N/A,N/A,N/A,8030.5,0.0
0,71200,CHOCOLATE,8030,39,8029.0,67.0,N/A,N/A,8031,106,N/A,N/A,N/A,N/A,8030.5,0.0
0,71300,CHOCOLATE,8029,144,N/A,N/A,N/A,N/A,8031,144,N/A,N/A,N/A,N/A,8030.0,0.0
0,71400,CHOCOLATE,8030,49,8029.0,58.0,N/A,N/A,8031,107,N/A,N/A,N/A,N/A,8030.5,0.0
0,71500,CHOCOLATE,8029,108,N/A,N/A,N/A,N/A,8030,64,8031.0,51.0,N/A,N/A,8029.5,0.0
0,71600,CHOCOLATE,8028,136,N/A,N/A,N/A,N/A,8030,136,N/A,N/A,N/A,N/A,8029.0,0.0
0,71700,CHOCOLATE,8027,54,8026.0,54.0,N/A,N/A,8028,108,N/A,N/A,N/A,N/A,8027.5,0.0
0,71800,CHOCOLATE,8027,48,8026.0,70.0,N/A,N/A,8028,118,N/A,N/A,N/A,N/A,8027.5,0.0
0,71900,CHOCOLATE,8026,133,N/A,N/A,N/A,N/A,8028,133,N/A,N/A,N/A,N/A,8027.0,0.0
0,72000,CHOCOLATE,8026,127,N/A,N/A,N/A,N/A,8028,127,N/A,N/A,N/A,N/A,8027.0,0.0
0,72100,CHOCOLATE,8026,36,8025.0,55.0,N/A,N/A,8027,91,N/A,N/A,N/A,N/A,8026.5,0.0
0,72200,CHOCOLATE,8026,120,N/A,N/A,N/A,N/A,8028,120,N/A,N/A,N/A,N/A,8027.0,0.0
0,72300,CHOCOLATE,8025,111,N/A,N/A,N/A,N/A,8026,38,8027.0,73.0,N/A,N/A,8025.5,0.0
0,72400,CHOCOLATE,8026,63,8025.0,71.0,N/A,N/A,8027,134,N/A,N/A,N/A,N/A,8026.5,0.0
0,72500,CHOCOLATE,8026,45,8025.0,96.0,N/A,N/A,8027,141,N/A,N/A,N/A,N/A,8026.5,0.0
0,72600,CHOCOLATE,8026,134,N/A,N/A,N/A,N/A,8028,134,N/A,N/A,N/A,N/A,8027.0,0.0
0,72700,CHOCOLATE,8028,42,8027.0,73.0,N/A,N/A,8029,115,N/A,N/A,N/A,N/A,8028.5,0.0
0,72800,CHOCOLATE,8027,37,8026.0,88.0,N/A,N/A,8028,125,N/A,N/A,N/A,N/A,8027.5,0.0
0,72900,CHOCOLATE,8027,35,8026.0,95.0,N/A,N/A,8028,130,N/A,N/A,N/A,N/A,8027.5,0.0
0,73000,CHOCOLATE,8027,108,N/A,N/A,N/A,N/A,8029,108,N/A,N/A,N/A,N/A,8028.0,0.0
0,73100,CHOCOLATE,8028,86,N/A,N/A,N/A,N/A,8029,36,8030.0,50.0,N/A,N/A,8028.5,0.0
0,73200,CHOCOLATE,8027,57,8026.0,85.0,N/A,N/A,8028,57,8029.0,85.0,N/A,N/A,8027.5,0.0
0,73300,CHOCOLATE,8027,161,N/A,N/A,N/A,N/A,8029,161,N/A,N/A,N/A,N/A,8028.0,0.0
0,73400,CHOCOLATE,8029,141,N/A,N/A,N/A,N/A,8030,54,8031.0,87.0,N/A,N/A,8029.5,0.0
0,73500,CHOCOLATE,8029,63,8028.0,94.0,N/A,N/A,8030,63,8031.0,94.0,N/A,N/A,8029.5,0.0
0,73600,CHOCOLATE,8030,38,8029.0,79.0,N/A,N/A,8031,38,8032.0,79.0,N/A,N/A,8030.5,0.0
0,73700,CHOCOLATE,8029,125,N/A,N/A,N/A,N/A,8031,125,N/A,N/A,N/A,N/A,8030.0,0.0
0,73800,CHOCOLATE,8028,50,8027.0,97.0,N/A,N/A,8029,147,N/A,N/A,N/A,N/A,8028.5,0.0
0,73900,CHOCOLATE,8027,117,N/A,N/A,N/A,N/A,8029,117,N/A,N/A,N/A,N/A,8028.0,0.0
0,74000,CHOCOLATE,8027,101,N/A,N/A,N/A,N/A,8029,101,N/A,N/A,N/A,N/A,8028.0,0.0
0,74100,CHOCOLATE,8028,35,8027.0,98.0,N/A,N/A,8029,35,8030.0,98.0,N/A,N/A,8028.5,0.0
0,74200,CHOCOLATE,8028,117,N/A,N/A,N/A,N/A,8030,117,N/A,N/A,N/A,N/A,8029.0,0.0
0,74300,CHOCOLATE,8029,113,N/A,N/A,N/A,N/A,8030,51,8031.0,62.0,N/A,N/A,8029.5,0.0
0,74400,CHOCOLATE,8031,60,8030.0,72.0,N/A,N/A,8032,132,N/A,N/A,N/A,N/A,8031.5,0.0
0,74500,CHOCOLATE,8031,91,N/A,N/A,N/A,N/A,8033,91,N/A,N/A,N/A,N/A,8032.0,0.0
0,74600,CHOCOLATE,8033,41,8032.0,99.0,N/A,N/A,8034,41,8035.0,99.0,N/A,N/A,8033.5,0.0
0,74700,CHOCOLATE,8035,63,8034.0,92.0,N/A,N/A,8036,155,N/A,N/A,N/A,N/A,8035.5,0.0
0,74800,CHOCOLATE,8035,124,N/A,N/A,N/A,N/A,8037,124,N/A,N/A,N/A,N/A,8036.0,0.0
0,74900,CHOCOLATE,8035,54,8034.0,100.0,N/A,N/A,8036,154,N/A,N/A,N/A,N/A,8035.5,0.0
0,75000,CHOCOLATE,8034,89,N/A,N/A,N/A,N/A,8035,38,8036.0,51.0,N/A,N/A,8034.5,0.0
0,75100,CHOCOLATE,8033,42,8032.0,54.0,N/A,N/A,8034,96,N/A,N/A,N/A,N/A,8033.5,0.0
0,75200,CHOCOLATE,8032,126,N/A,N/A,N/A,N/A,8034,126,N/A,N/A,N/A,N/A,8033.0,0.0
0,75300,CHOCOLATE,8033,150,N/A,N/A,N/A,N/A,8034,61,8035.0,89.0,N/A,N/A,8033.5,0.0
0,75400,CHOCOLATE,8031,129,N/A,N/A,N/A,N/A,8033,129,N/A,N/A,N/A,N/A,8032.0,0.0
0,75500,CHOCOLATE,8032,155,N/A,N/A,N/A,N/A,8034,155,N/A,N/A,N/A,N/A,8033.0,0.0
0,75600,CHOCOLATE,8031,132,N/A,N/A,N/A,N/A,8033,132,N/A,N/A,N/A,N/A,8032.0,0.0
0,75700,CHOCOLATE,8031,129,N/A,N/A,N/A,N/A,8032,61,8033.0,68.0,N/A,N/A,8031.5,0.0
0,75800,CHOCOLATE,8032,124,N/A,N/A,N/A,N/A,8034,124,N/A,N/A,N/A,N/A,8033.0,0.0
0,75900,CHOCOLATE,8032,128,N/A,N/A,N/A,N/A,8034,128,N/A,N/A,N/A,N/A,8033.0,0.0
0,76000,CHOCOLATE,8033,51,8032.0,71.0,N/A,N/A,8034,122,N/A,N/A,N/A,N/A,8033.5,0.0
0,76100,CHOCOLATE,8033,119,N/A,N/A,N/A,N/A,8035,119,N/A,N/A,N/A,N/A,8034.0,0.0
0,76200,CHOCOLATE,8035,133,N/A,N/A,N/A,N/A,8036,40,8037.0,93.0,N/A,N/A,8035.5,0.0
0,76300,CHOCOLATE,8034,52,8033.0,90.0,N/A,N/A,8035,142,N/A,N/A,N/A,N/A,8034.5,0.0
0,76400,CHOCOLATE,8032,57,8031.0,56.0,N/A,N/A,8033,57,8034.0,56.0,N/A,N/A,8032.5,0.0
0,76500,CHOCOLATE,8032,65,8031.0,76.0,N/A,N/A,8033,141,N/A,N/A,N/A,N/A,8032.5,0.0
0,76600,CHOCOLATE,8032,157,N/A,N/A,N/A,N/A,8033,61,8034.0,96.0,N/A,N/A,8032.5,0.0
0,76700,CHOCOLATE,8032,122,N/A,N/A,N/A,N/A,8033,53,8034.0,69.0,N/A,N/A,8032.5,0.0
0,76800,CHOCOLATE,8031,61,8030.0,80.0,N/A,N/A,8032,61,8033.0,80.0,N/A,N/A,8031.5,0.0
0,76900,CHOCOLATE,8030,53,8029.0,70.0,N/A,N/A,8031,53,8032.0,70.0,N/A,N/A,8030.5,0.0
0,77000,CHOCOLATE,8030,99,N/A,N/A,N/A,N/A,8032,99,N/A,N/A,N/A,N/A,8031.0,0.0
0,77100,CHOCOLATE,8030,139,N/A,N/A,N/A,N/A,8032,139,N/A,N/A,N/A,N/A,8031.0,0.0
0,77200,CHOCOLATE,8030,101,N/A,N/A,N/A,N/A,8031,47,8032.0,54.0,N/A,N/A,8030.5,0.0
0,77300,CHOCOLATE,8030,35,8029.0,73.0,N/A,N/A,8031,35,8032.0,73.0,N/A,N/A,8030.5,0.0
0,77400,CHOCOLATE,8030,57,8029.0,94.0,N/A,N/A,8031,151,N/A,N/A,N/A,N/A,8030.5,0.0
0,77500,CHOCOLATE,8030,64,8029.0,56.0,N/A,N/A,8031,64,8032.0,56.0,N/A,N/A,8030.5,0.0
0,77600,CHOCOLATE,8031,117,N/A,N/A,N/A,N/A,8032,49,8033.0,68.0,N/A,N/A,8031.5,0.0
0,77700,CHOCOLATE,8031,54,8030.0,50.0,N/A,N/A,8032,54,8033.0,50.0,N/A,N/A,8031.5,0.0
0,77800,CHOCOLATE,8030,124,N/A,N/A,N/A,N/A,8032,124,N/A,N/A,N/A,N/A,8031.0,0.0
0,77900,CHOCOLATE,8029,155,N/A,N/A,N/A,N/A,8031,155,N/A,N/A,N/A,N/A,8030.0,0.0
0,78000,CHOCOLATE,8029,47,8028.0,84.0,N/A,N/A,8030,47,8031.0,84.0,N/A,N/A,8029.5,0.0
0,78100,CHOCOLATE,8029,119,N/A,N/A,N/A,N/A,8030,58,8031.0,61.0,N/A,N/A,8029.5,0.0
0,78200,CHOCOLATE,8029,121,N/A,N/A,N/A,N/A,8030,48,8031.0,73.0,N/A,N/A,8029.5,0.0
0,78300,CHOCOLATE,8030,114,N/A,N/A,N/A,N/A,8032,114,N/A,N/A,N/A,N/A,8031.0,0.0
0,78400,CHOCOLATE,8029,46,8028.0,60.0,N/A,N/A,8030,46,8031.0,60.0,N/A,N/A,8029.5,0.0
0,78500,CHOCOLATE,8029,43,8028.0,78.0,N/A,N/A,8030,43,8031.0,78.0,N/A,N/A,8029.5,0.0
0,78600,CHOCOLATE,8028,103,N/A,N/A,N/A,N/A,8030,103,N/A,N/A,N/A,N/A,8029.0,0.0
0,78700,CHOCOLATE,8029,55,8028.0,71.0,N/A,N/A,8030,126,N/A,N/A,N/A,N/A,8029.5,0.0
0,78800,CHOCOLATE,8027,126,N/A,N/A,N/A,N/A,8029,126,N/A,N/A,N/A,N/A,8028.0,0.0
0,78900,CHOCOLATE,8026,126,N/A,N/A,N/A,N/A,8027,62,8028.0,64.0,N/A,N/A,8026.5,0.0
0,79000,CHOCOLATE,8026,129,N/A,N/A,N/A,N/A,8027,44,8028.0,85.0,N/A,N/A,8026.5,0.0
0,79100,CHOCOLATE,8027,139,N/A,N/A,N/A,N/A,8029,139,N/A,N/A,N/A,N/A,8028.0,0.0
0,79200,CHOCOLATE,8029,47,8028.0,56.0,N/A,N/A,8030,103,N/A,N/A,N/A,N/A,8029.5,0.0
0,79300,CHOCOLATE,8027,48,8026.0,80.0,N/A,N/A,8028,48,8029.0,80.0,N/A,N/A,8027.5,0.0
0,79400,CHOCOLATE,8028,141,N/A,N/A,N/A,N/A,8029,44,8030.0,97.0,N/A,N/A,8028.5,0.0
0,79500,CHOCOLATE,8028,116,N/A,N/A,N/A,N/A,8030,116,N/A,N/A,N/A,N/A,8029.0,0.0
0,79600,CHOCOLATE,8027,59,8026.0,75.0,N/A,N/A,8028,134,N/A,N/A,N/A,N/A,8027.5,0.0
0,79700,CHOCOLATE,8025,139,N/A,N/A,N/A,N/A,8027,139,N/A,N/A,N/A,N/A,8026.0,0.0
0,79800,CHOCOLATE,8027,115,N/A,N/A,N/A,N/A,8028,45,8029.0,70.0,N/A,N/A,8027.5,0.0
0,79900,CHOCOLATE,8028,62,8027.0,50.0,N/A,N/A,8029,62,8030.0,50.0,N/A,N/A,8028.5,0.0
0,80000,CHOCOLATE,8029,42,8028.0,57.0,N/A,N/A,8030,99,N/A,N/A,N/A,N/A,8029.5,0.0
0,80100,CHOCOLATE,8028,57,8027.0,92.0,N/A,N/A,8029,57,8030.0,92.0,N/A,N/A,8028.5,0.0
0,80200,CHOCOLATE,8026,153,N/A,N/A,N/A,N/A,8028,153,N/A,N/A,N/A,N/A,8027.0,0.0
0,80300,CHOCOLATE,8027,59,8026.0,68.0,N/A,N/A,8028,127,N/A,N/A,N/A,N/A,8027.5,0.0
0,80400,CHOCOLATE,8029,59,8028.0,66.0,N/A,N/A,8030,125,N/A,N/A,N/A,N/A,8029.5,0.0
0,80500,CHOCOLATE,8026,103,N/A,N/A,N/A,N/A,8028,103,N/A,N/A,N/A,N/A,8027.0,0.0
0,80600,CHOCOLATE,8025,125,N/A,N/A,N/A,N/A,8027,125,N/A,N/A,N/A,N/A,8026.0,0.0
0,80700,CHOCOLATE,8026,61,8025.0,90.0,N/A,N/A,8027,151,N/A,N/A,N/A,N/A,8026.5,0.0
0,80800,CHOCOLATE,8025,123,N/A,N/A,N/A,N/A,8026,54,8027.0,60.0,N/A,N/A,8025.5,0.0
0,80900,CHOCOLATE,8025,63,8024.0,77.0,N/A,N/A,8026,63,8027.0,77.0,N/A,N/A,8025.5,0.0
0,81000,CHOCOLATE,8023,145,N/A,N/A,N/A,N/A,8025,145,N/A,N/A,N/A,N/A,8024.0,0.0
0,81100,CHOCOLATE,8023,118,N/A,N/A,N/A,N/A,8025,118,N/A,N/A,N/A,N/A,8024.0,0.0
0,81200,CHOCOLATE,8023,127,N/A,N/A,N/A,N/A,8025,127,N/A,N/A,N/A,N/A,8024.0,0.0
0,81300,CHOCOLATE,8023,51,8022.0,82.0,N/A,N/A,8024,51,8025.0,82.0,N/A,N/A,8023.5,0.0
0,81400,CHOCOLATE,8023,113,N/A,N/A,N/A,N/A,8024,62,8025.0,51.0,N/A,N/A,8023.5,0.0
0,81500,CHOCOLATE,8022,47,8021.0,59.0,N/A,N/A,8023,106,N/A,N/A,N/A,N/A,8022.5,0.0
0,81600,CHOCOLATE,8021,164,N/A,N/A,N/A,N/A,8022,64,8023.0,100.0,N/A,N/A,8021.5,0.0
0,81700,CHOCOLATE,8022,48,8021.0,87.0,N/A,N/A,8023,135,N/A,N/A,N/A,N/A,8022.5,0.0
0,81800,CHOCOLATE,8021,134,N/A,N/A,N/A,N/A,8022,47,8023.0,87.0,N/A,N/A,8021.5,0.0
0,81900,CHOCOLATE,8021,108,N/A,N/A,N/A,N/A,8022,51,8023.0,57.0,N/A,N/A,8021.5,0.0
0,82000,CHOCOLATE,8021,126,N/A,N/A,N/A,N/A,8023,126,N/A,N/A,N/A,N/A,8022.0,0.0
0,82100,CHOCOLATE,8020,119,N/A,N/A,N/A,N/A,8022,119,N/A,N/A,N/A,N/A,8021.0,0.0
0,82200,CHOCOLATE,8021,141,N/A,N/A,N/A,N/A,8023,141,N/A,N/A,N/A,N/A,8022.0,0.0
0,82300,CHOCOLATE,8021,53,8020.0,72.0,N/A,N/A,8022,53,8023.0,72.0,N/A,N/A,8021.5,0.0
0,82400,CHOCOLATE,8020,127,N/A,N/A,N/A,N/A,8021,39,8022.0,88.0,N/A,N/A,8020.5,0.0
0,82500,CHOCOLATE,8020,50,8019.0,59.0,N/A,N/A,8021,109,N/A,N/A,N/A,N/A,8020.5,0.0
0,82600,CHOCOLATE,8021,36,8020.0,60.0,N/A,N/A,8022,36,8023.0,60.0,N/A,N/A,8021.5,0.0
0,82700,CHOCOLATE,8019,156,N/A,N/A,N/A,N/A,8021,156,N/A,N/A,N/A,N/A,8020.0,0.0
0,82800,CHOCOLATE,8017,113,N/A,N/A,N/A,N/A,8019,113,N/A,N/A,N/A,N/A,8018.0,0.0
0,82900,CHOCOLATE,8020,125,N/A,N/A,N/A,N/A,8021,38,8022.0,87.0,N/A,N/A,8020.5,0.0
0,83000,CHOCOLATE,8020,130,N/A,N/A,N/A,N/A,8022,130,N/A,N/A,N/A,N/A,8021.0,0.0
0,83100,CHOCOLATE,8021,99,N/A,N/A,N/A,N/A,8022,41,8023.0,58.0,N/A,N/A,8021.5,0.0
0,83200,CHOCOLATE,8023,48,8022.0,54.0,N/A,N/A,8024,48,8025.0,54.0,N/A,N/A,8023.5,0.0
0,83300,CHOCOLATE,8024,35,8023.0,52.0,N/A,N/A,8025,35,8026.0,52.0,N/A,N/A,8024.5,0.0
0,83400,CHOCOLATE,8025,114,N/A,N/A,N/A,N/A,8026,54,8027.0,60.0,N/A,N/A,8025.5,0.0
0,83500,CHOCOLATE,8025,36,8024.0,60.0,N/A,N/A,8026,96,N/A,N/A,N/A,N/A,8025.5,0.0
0,83600,CHOCOLATE,8025,46,8024.0,79.0,N/A,N/A,8026,46,8027.0,79.0,N/A,N/A,8025.5,0.0
0,83700,CHOCOLATE,8026,115,N/A,N/A,N/A,N/A,8028,115,N/A,N/A,N/A,N/A,8027.0,0.0
0,83800,CHOCOLATE,8025,140,N/A,N/A,N/A,N/A,8027,150,N/A,N/A,N/A,N/A,8026.0,0.0
0,83900,CHOCOLATE,8025,48,8024.0,60.0,N/A,N/A,8026,48,8027.0,60.0,N/A,N/A,8025.5,0.0
0,84000,CHOCOLATE,8024,128,N/A,N/A,N/A,N/A,8026,128,N/A,N/A,N/A,N/A,8025.0,0.0
0,84100,CHOCOLATE,8024,114,N/A,N/A,N/A,N/A,8025,52,8026.0,62.0,N/A,N/A,8024.5,0.0
0,84200,CHOCOLATE,8026,52,8025.0,69.0,N/A,N/A,8027,52,8028.0,69.0,N/A,N/A,8026.5,0.0
0,84300,CHOCOLATE,8028,62,8027.0,98.0,N/A,N/A,8029,160,N/A,N/A,N/A,N/A,8028.5,0.0
0,84400,CHOCOLATE,8028,121,N/A,N/A,N/A,N/A,8029,57,8030.0,64.0,N/A,N/A,8028.5,0.0
0,84500,CHOCOLATE,8027,62,8026.0,76.0,N/A,N/A,8028,62,8029.0,76.0,N/A,N/A,8027.5,0.0
0,84600,CHOCOLATE,8027,127,N/A,N/A,N/A,N/A,8029,127,N/A,N/A,N/A,N/A,8028.0,0.0
0,84700,CHOCOLATE,8027,37,8026.0,56.0,N/A,N/A,8028,93,N/A,N/A,N/A,N/A,8027.5,0.0
0,84800,CHOCOLATE,8026,164,N/A,N/A,N/A,N/A,8027,64,8028.0,100.0,N/A,N/A,8026.5,0.0
0,84900,CHOCOLATE,8027,104,N/A,N/A,N/A,N/A,8029,104,N/A,N/A,N/A,N/A,8028.0,0.0
0,85000,CHOCOLATE,8027,61,8026.0,70.0,N/A,N/A,8028,131,N/A,N/A,N/A,N/A,8027.5,0.0
0,85100,CHOCOLATE,8028,111,N/A,N/A,N/A,N/A,8030,111,N/A,N/A,N/A,N/A,8029.0,0.0
0,85200,CHOCOLATE,8027,46,8026.0,95.0,N/A,N/A,8028,46,8029.0,95.0,N/A,N/A,8027.5,0.0
0,85300,CHOCOLATE,8025,111,N/A,N/A,N/A,N/A,8026,48,8027.0,63.0,N/A,N/A,8025.5,0.0
0,85400,CHOCOLATE,8024,152,N/A,N/A,N/A,N/A,8025,53,8026.0,99.0,N/A,N/A,8024.5,0.0
0,85500,CHOCOLATE,8024,55,8023.0,61.0,N/A,N/A,8025,116,N/A,N/A,N/A,N/A,8024.5,0.0
0,85600,CHOCOLATE,8024,135,N/A,N/A,N/A,N/A,8025,40,8026.0,95.0,N/A,N/A,8024.5,0.0
0,85700,CHOCOLATE,8024,99,N/A,N/A,N/A,N/A,8026,99,N/A,N/A,N/A,N/A,8025.0,0.0
0,85800,CHOCOLATE,8024,35,8023.0,70.0,N/A,N/A,8025,35,8026.0,70.0,N/A,N/A,8024.5,0.0
0,85900,CHOCOLATE,8024,134,N/A,N/A,N/A,N/A,8026,134,N/A,N/A,N/A,N/A,8025.0,0.0
0,86000,CHOCOLATE,8026,113,N/A,N/A,N/A,N/A,8027,44,8028.0,69.0,N/A,N/A,8026.5,0.0
0,86100,CHOCOLATE,8026,45,8025.0,60.0,N/A,N/A,8027,51,8028.0,60.0,N/A,N/A,8026.5,0.0
0,86200,CHOCOLATE,8024,52,8023.0,91.0,N/A,N/A,8025,52,8026.0,91.0,N/A,N/A,8024.5,0.0
0,86300,CHOCOLATE,8024,45,8023.0,75.0,N/A,N/A,8025,45,8026.0,75.0,N/A,N/A,8024.5,0.0
0,86400,CHOCOLATE,8024,97,N/A,N/A,N/A,N/A,8026,97,N/A,N/A,N/A,N/A,8025.0,0.0
0,86500,CHOCOLATE,8024,89,N/A,N/A,N/A,N/A,8026,89,N/A,N/A,N/A,N/A,8025.0,0.0
0,86600,CHOCOLATE,8024,108,N/A,N/A,N/A,N/A,8026,108,N/A,N/A,N/A,N/A,8025.0,0.0
0,86700,CHOCOLATE,8025,148,N/A,N/A,N/A,N/A,8027,148,N/A,N/A,N/A,N/A,8026.0,0.0
0,86800,CHOCOLATE,8024,112,N/A,N/A,N/A,N/A,8026,112,N/A,N/A,N/A,N/A,8025.0,0.0
0,86900,CHOCOLATE,8025,114,N/A,N/A,N/A,N/A,8026,62,8027.0,52.0,N/A,N/A,8025.5,0.0
0,87000,CHOCOLATE,8025,47,8024.0,90.0,N/A,N/A,8026,137,N/A,N/A,N/A,N/A,8025.5,0.0
0,87100,CHOCOLATE,8024,138,N/A,N/A,N/A,N/A,8026,138,N/A,N/A,N/A,N/A,8025.0,0.0
0,87200,CHOCOLATE,8025,127,N/A,N/A,N/A,N/A,8027,127,N/A,N/A,N/A,N/A,8026.0,0.0
0,87300,CHOCOLATE,8024,147,N/A,N/A,N/A,N/A,8026,156,N/A,N/A,N/A,N/A,8025.0,0.0
0,87400,CHOCOLATE,8024,101,N/A,N/A,N/A,N/A,8026,101,N/A,N/A,N/A,N/A,8025.0,0.0
0,87500,CHOCOLATE,8024,158,N/A,N/A,N/A,N/A,8026,158,N/A,N/A,N/A,N/A,8025.0,0.0
0,87600,CHOCOLATE,8025,118,N/A,N/A,N/A,N/A,8026,40,8027.0,78.0,N/A,N/A,8025.5,0.0
0,87700,CHOCOLATE,8024,133,N/A,N/A,N/A,N/A,8026,133,N/A,N/A,N/A,N/A,8025.0,0.0
0,87800,CHOCOLATE,8023,54,8022.0,78.0,N/A,N/A,8024,132,N/A,N/A,N/A,N/A,8023.5,0.0
0,87900,CHOCOLATE,8023,121,N/A,N/A,N/A,N/A,8025,121,N/A,N/A,N/A,N/A,8024.0,0.0
0,88000,CHOCOLATE,8023,138,N/A,N/A,N/A,N/A,8025,138,N/A,N/A,N/A,N/A,8024.0,0.0
0,88100,CHOCOLATE,8022,116,N/A,N/A,N/A,N/A,8024,116,N/A,N/A,N/A,N/A,8023.0,0.0
0,88200,CHOCOLATE,8023,44,8022.0,75.0,N/A,N/A,8024,44,8025.0,75.0,N/A,N/A,8023.5,0.0
0,88300,CHOCOLATE,8021,115,N/A,N/A,N/A,N/A,8023,115,N/A,N/A,N/A,N/A,8022.0,0.0
0,88400,CHOCOLATE,8021,96,N/A,N/A,N/A,N/A,8023,96,N/A,N/A,N/A,N/A,8022.0,0.0
0,88500,CHOCOLATE,8022,63,8021.0,58.0,N/A,N/A,8023,63,8024.0,58.0,N/A,N/A,8022.5,0.0
0,88600,CHOCOLATE,8021,100,N/A,N/A,N/A,N/A,8023,100,N/A,N/A,N/A,N/A,8022.0,0.0
0,88700,CHOCOLATE,8023,54,8022.0,50.0,N/A,N/A,8024,54,8025.0,50.0,N/A,N/A,8023.5,0.0
0,88800,CHOCOLATE,8023,111,N/A,N/A,N/A,N/A,8024,60,8025.0,51.0,N/A,N/A,8023.5,0.0
0,88900,CHOCOLATE,8022,107,N/A,N/A,N/A,N/A,8024,107,N/A,N/A,N/A,N/A,8023.0,0.0
0,89000,CHOCOLATE,8022,102,N/A,N/A,N/A,N/A,8023,45,8024.0,57.0,N/A,N/A,8022.5,0.0
0,89100,CHOCOLATE,8020,134,N/A,N/A,N/A,N/A,8022,134,N/A,N/A,N/A,N/A,8021.0,0.0
0,89200,CHOCOLATE,8021,120,N/A,N/A,N/A,N/A,8023,120,N/A,N/A,N/A,N/A,8022.0,0.0
0,89300,CHOCOLATE,8021,64,8020.0,65.0,N/A,N/A,8022,64,8023.0,65.0,N/A,N/A,8021.5,0.0
0,89400,CHOCOLATE,8022,55,8021.0,70.0,N/A,N/A,8023,55,8024.0,70.0,N/A,N/A,8022.5,0.0
0,89500,CHOCOLATE,8023,120,N/A,N/A,N/A,N/A,8025,113,N/A,N/A,N/A,N/A,8024.0,0.0
0,89600,CHOCOLATE,8024,64,8023.0,62.0,N/A,N/A,8025,64,8026.0,62.0,N/A,N/A,8024.5,0.0
0,89700,CHOCOLATE,8025,137,N/A,N/A,N/A,N/A,8026,44,8027.0,93.0,N/A,N/A,8025.5,0.0
0,89800,CHOCOLATE,8027,61,8026.0,61.0,N/A,N/A,8028,61,8029.0,61.0,N/A,N/A,8027.5,0.0
0,89900,CHOCOLATE,8026,147,N/A,N/A,N/A,N/A,8027,47,8028.0,100.0,N/A,N/A,8026.5,0.0
0,90000,CHOCOLATE,8027,143,N/A,N/A,N/A,N/A,8029,143,N/A,N/A,N/A,N/A,8028.0,0.0
0,90100,CHOCOLATE,8026,97,N/A,N/A,N/A,N/A,8028,97,N/A,N/A,N/A,N/A,8027.0,0.0
0,90200,CHOCOLATE,8026,116,N/A,N/A,N/A,N/A,8027,40,8028.0,76.0,N/A,N/A,8026.5,0.0
0,90300,CHOCOLATE,8026,133,N/A,N/A,N/A,N/A,8028,133,N/A,N/A,N/A,N/A,8027.0,0.0
0,90400,CHOCOLATE,8025,125,N/A,N/A,N/A,N/A,8026,40,8027.0,85.0,N/A,N/A,8025.5,0.0
0,90500,CHOCOLATE,8025,93,N/A,N/A,N/A,N/A,8026,43,8027.0,50.0,N/A,N/A,8025.5,0.0
0,90600,CHOCOLATE,8027,52,8026.0,94.0,N/A,N/A,8028,146,N/A,N/A,N/A,N/A,8027.5,0.0
0,90700,CHOCOLATE,8026,44,8025.0,51.0,N/A,N/A,8027,95,N/A,N/A,N/A,N/A,8026.5,0.0
0,90800,CHOCOLATE,8026,134,N/A,N/A,N/A,N/A,8027,43,8028.0,91.0,N/A,N/A,8026.5,0.0
0,90900,CHOCOLATE,8025,130,N/A,N/A,N/A,N/A,8026,40,8027.0,90.0,N/A,N/A,8025.5,0.0
0,91000,CHOCOLATE,8024,153,N/A,N/A,N/A,N/A,8025,53,8026.0,100.0,N/A,N/A,8024.5,0.0
0,91100,CHOCOLATE,8023,43,8022.0,90.0,N/A,N/A,8024,126,N/A,N/A,N/A,N/A,8023.5,0.0
0,91200,CHOCOLATE,8023,138,N/A,N/A,N/A,N/A,8025,138,N/A,N/A,N/A,N/A,8024.0,0.0
0,91300,CHOCOLATE,8024,126,N/A,N/A,N/A,N/A,8025,58,8026.0,68.0,N/A,N/A,8024.5,0.0
0,91400,CHOCOLATE,8023,53,8022.0,64.0,N/A,N/A,8024,53,8025.0,64.0,N/A,N/A,8023.5,0.0
0,91500,CHOCOLATE,8025,35,8024.0,83.0,N/A,N/A,8026,35,8027.0,83.0,N/A,N/A,8025.5,0.0
0,91600,CHOCOLATE,8024,65,8023.0,92.0,N/A,N/A,8025,157,N/A,N/A,N/A,N/A,8024.5,0.0
0,91700,CHOCOLATE,8023,135,N/A,N/A,N/A,N/A,8025,135,N/A,N/A,N/A,N/A,8024.0,0.0
0,91800,CHOCOLATE,8025,56,8024.0,53.0,N/A,N/A,8026,109,N/A,N/A,N/A,N/A,8025.5,0.0
0,91900,CHOCOLATE,8023,94,N/A,N/A,N/A,N/A,8024,37,8025.0,57.0,N/A,N/A,8023.5,0.0
0,92000,CHOCOLATE,8023,36,8022.0,95.0,N/A,N/A,8024,36,8025.0,95.0,N/A,N/A,8023.5,0.0
0,92100,CHOCOLATE,8023,52,8022.0,78.0,N/A,N/A,8024,52,8025.0,78.0,N/A,N/A,8023.5,0.0
0,92200,CHOCOLATE,8022,155,N/A,N/A,N/A,N/A,8024,155,N/A,N/A,N/A,N/A,8023.0,0.0
0,92300,CHOCOLATE,8022,101,N/A,N/A,N/A,N/A,8024,101,N/A,N/A,N/A,N/A,8023.0,0.0
0,92400,CHOCOLATE,8023,124,N/A,N/A,N/A,N/A,8025,124,N/A,N/A,N/A,N/A,8024.0,0.0
0,92500,CHOCOLATE,8025,58,8024.0,66.0,N/A,N/A,8026,124,N/A,N/A,N/A,N/A,8025.5,0.0
0,92600,CHOCOLATE,8026,53,8025.0,70.0,N/A,N/A,8027,123,N/A,N/A,N/A,N/A,8026.5,0.0
0,92700,CHOCOLATE,8024,121,N/A,N/A,N/A,N/A,8026,121,N/A,N/A,N/A,N/A,8025.0,0.0
0,92800,CHOCOLATE,8024,161,N/A,N/A,N/A,N/A,8026,161,N/A,N/A,N/A,N/A,8025.0,0.0
0,92900,CHOCOLATE,8023,122,N/A,N/A,N/A,N/A,8025,122,N/A,N/A,N/A,N/A,8024.0,0.0
0,93000,CHOCOLATE,8024,42,8023.0,74.0,N/A,N/A,8025,116,N/A,N/A,N/A,N/A,8024.5,0.0
0,93100,CHOCOLATE,8023,63,8022.0,59.0,N/A,N/A,8024,63,8025.0,59.0,N/A,N/A,8023.5,0.0
0,93200,CHOCOLATE,8023,131,N/A,N/A,N/A,N/A,8025,131,N/A,N/A,N/A,N/A,8024.0,0.0
0,93300,CHOCOLATE,8023,47,8022.0,85.0,N/A,N/A,8024,132,N/A,N/A,N/A,N/A,8023.5,0.0
0,93400,CHOCOLATE,8022,99,N/A,N/A,N/A,N/A,8024,99,N/A,N/A,N/A,N/A,8023.0,0.0
0,93500,CHOCOLATE,8021,121,N/A,N/A,N/A,N/A,8023,121,N/A,N/A,N/A,N/A,8022.0,0.0
0,93600,CHOCOLATE,8022,53,8021.0,74.0,N/A,N/A,8023,63,8024.0,74.0,N/A,N/A,8022.5,0.0
0,93700,CHOCOLATE,8019,89,N/A,N/A,N/A,N/A,8021,89,N/A,N/A,N/A,N/A,8020.0,0.0
0,93800,CHOCOLATE,8019,116,N/A,N/A,N/A,N/A,8020,59,8021.0,57.0,N/A,N/A,8019.5,0.0
0,93900,CHOCOLATE,8019,48,8018.0,87.0,N/A,N/A,8020,48,8021.0,87.0,N/A,N/A,8019.5,0.0
0,94000,CHOCOLATE,8019,49,8018.0,83.0,N/A,N/A,8020,132,N/A,N/A,N/A,N/A,8019.5,0.0
0,94100,CHOCOLATE,8020,126,N/A,N/A,N/A,N/A,8022,126,N/A,N/A,N/A,N/A,8021.0,0.0
0,94200,CHOCOLATE,8020,65,8019.0,55.0,N/A,N/A,8021,65,8022.0,55.0,N/A,N/A,8020.5,0.0
0,94300,CHOCOLATE,8019,51,8018.0,98.0,N/A,N/A,8020,149,N/A,N/A,N/A,N/A,8019.5,0.0
0,94400,CHOCOLATE,8019,35,8018.0,71.0,N/A,N/A,8020,106,N/A,N/A,N/A,N/A,8019.5,0.0
0,94500,CHOCOLATE,8019,113,N/A,N/A,N/A,N/A,8020,55,8021.0,58.0,N/A,N/A,8019.5,0.0
0,94600,CHOCOLATE,8019,111,N/A,N/A,N/A,N/A,8020,39,8021.0,72.0,N/A,N/A,8019.5,0.0
0,94700,CHOCOLATE,8019,149,N/A,N/A,N/A,N/A,8021,149,N/A,N/A,N/A,N/A,8020.0,0.0
0,94800,CHOCOLATE,8018,128,N/A,N/A,N/A,N/A,8020,128,N/A,N/A,N/A,N/A,8019.0,0.0
0,94900,CHOCOLATE,8018,150,N/A,N/A,N/A,N/A,8020,150,N/A,N/A,N/A,N/A,8019.0,0.0
0,95000,CHOCOLATE,8018,43,8017.0,53.0,N/A,N/A,8019,96,N/A,N/A,N/A,N/A,8018.5,0.0
0,95100,CHOCOLATE,8018,131,N/A,N/A,N/A,N/A,8020,131,N/A,N/A,N/A,N/A,8019.0,0.0
0,95200,CHOCOLATE,8020,143,N/A,N/A,N/A,N/A,8022,143,N/A,N/A,N/A,N/A,8021.0,0.0
0,95300,CHOCOLATE,8021,110,N/A,N/A,N/A,N/A,8023,110,N/A,N/A,N/A,N/A,8022.0,0.0
0,95400,CHOCOLATE,8019,105,N/A,N/A,N/A,N/A,8020,54,8021.0,51.0,N/A,N/A,8019.5,0.0
0,95500,CHOCOLATE,8020,125,N/A,N/A,N/A,N/A,8021,43,8022.0,82.0,N/A,N/A,8020.5,0.0
0,95600,CHOCOLATE,8019,150,N/A,N/A,N/A,N/A,8021,150,N/A,N/A,N/A,N/A,8020.0,0.0
0,95700,CHOCOLATE,8019,138,N/A,N/A,N/A,N/A,8020,57,8021.0,81.0,N/A,N/A,8019.5,0.0
0,95800,CHOCOLATE,8018,123,N/A,N/A,N/A,N/A,8019,55,8020.0,68.0,N/A,N/A,8018.5,0.0
0,95900,CHOCOLATE,8019,135,N/A,N/A,N/A,N/A,8020,40,8021.0,95.0,N/A,N/A,8019.5,0.0
0,96000,CHOCOLATE,8017,139,N/A,N/A,N/A,N/A,8019,139,N/A,N/A,N/A,N/A,8018.0,0.0
0,96100,CHOCOLATE,8018,36,8017.0,65.0,N/A,N/A,8019,36,8020.0,65.0,N/A,N/A,8018.5,0.0
0,96200,CHOCOLATE,8017,47,8016.0,89.0,N/A,N/A,8018,136,N/A,N/A,N/A,N/A,8017.5,0.0
0,96300,CHOCOLATE,8017,133,N/A,N/A,N/A,N/A,8018,8,8019.0,133.0,N/A,N/A,8017.5,0.0
0,96400,CHOCOLATE,8017,144,N/A,N/A,N/A,N/A,8019,144,N/A,N/A,N/A,N/A,8018.0,0.0
0,96500,CHOCOLATE,8015,48,8014.0,68.0,N/A,N/A,8016,48,8017.0,68.0,N/A,N/A,8015.5,0.0
0,96600,CHOCOLATE,8017,137,N/A,N/A,N/A,N/A,8018,58,8019.0,79.0,N/A,N/A,8017.5,0.0
0,96700,CHOCOLATE,8017,135,N/A,N/A,N/A,N/A,8019,135,N/A,N/A,N/A,N/A,8018.0,0.0
0,96800,CHOCOLATE,8019,44,8018.0,89.0,N/A,N/A,8020,133,N/A,N/A,N/A,N/A,8019.5,0.0
0,96900,CHOCOLATE,8018,119,N/A,N/A,N/A,N/A,8020,119,N/A,N/A,N/A,N/A,8019.0,0.0
0,97000,CHOCOLATE,8018,41,8017.0,78.0,N/A,N/A,8019,36,8020.0,78.0,N/A,N/A,8018.5,0.0
0,97100,CHOCOLATE,8017,46,8016.0,51.0,N/A,N/A,8018,46,8019.0,51.0,N/A,N/A,8017.5,0.0
0,97200,CHOCOLATE,8018,124,N/A,N/A,N/A,N/A,8019,40,8020.0,84.0,N/A,N/A,8018.5,0.0
0,97300,CHOCOLATE,8019,93,N/A,N/A,N/A,N/A,8020,41,8021.0,52.0,N/A,N/A,8019.5,0.0
0,97400,CHOCOLATE,8019,142,N/A,N/A,N/A,N/A,8021,142,N/A,N/A,N/A,N/A,8020.0,0.0
0,97500,CHOCOLATE,8021,139,N/A,N/A,N/A,N/A,8022,64,8023.0,75.0,N/A,N/A,8021.5,0.0
0,97600,CHOCOLATE,8022,49,8021.0,56.0,N/A,N/A,8023,105,N/A,N/A,N/A,N/A,8022.5,0.0
0,97700,CHOCOLATE,8022,46,8021.0,67.0,N/A,N/A,8023,46,8024.0,67.0,N/A,N/A,8022.5,0.0
0,97800,CHOCOLATE,8022,92,N/A,N/A,N/A,N/A,8024,92,N/A,N/A,N/A,N/A,8023.0,0.0
0,97900,CHOCOLATE,8024,42,8023.0,90.0,N/A,N/A,8025,132,N/A,N/A,N/A,N/A,8024.5,0.0
0,98000,CHOCOLATE,8023,126,N/A,N/A,N/A,N/A,8025,126,N/A,N/A,N/A,N/A,8024.0,0.0
0,98100,CHOCOLATE,8021,149,N/A,N/A,N/A,N/A,8023,149,N/A,N/A,N/A,N/A,8022.0,0.0
0,98200,CHOCOLATE,8023,59,8022.0,64.0,N/A,N/A,8024,59,8025.0,64.0,N/A,N/A,8023.5,0.0
0,98300,CHOCOLATE,8024,122,N/A,N/A,N/A,N/A,8026,122,N/A,N/A,N/A,N/A,8025.0,0.0
0,98400,CHOCOLATE,8024,36,8023.0,79.0,N/A,N/A,8025,115,N/A,N/A,N/A,N/A,8024.5,0.0
0,98500,CHOCOLATE,8023,102,N/A,N/A,N/A,N/A,8025,102,N/A,N/A,N/A,N/A,8024.0,0.0
0,98600,CHOCOLATE,8024,45,8023.0,84.0,N/A,N/A,8025,129,N/A,N/A,N/A,N/A,8024.5,0.0
0,98700,CHOCOLATE,8023,128,N/A,N/A,N/A,N/A,8025,128,N/A,N/A,N/A,N/A,8024.0,0.0
0,98800,CHOCOLATE,8022,146,N/A,N/A,N/A,N/A,8024,146,N/A,N/A,N/A,N/A,8023.0,0.0
0,98900,CHOCOLATE,8023,134,N/A,N/A,N/A,N/A,8024,51,8025.0,83.0,N/A,N/A,8023.5,0.0
0,99000,CHOCOLATE,8024,37,8023.0,74.0,N/A,N/A,8025,111,N/A,N/A,N/A,N/A,8024.5,0.0
0,99100,CHOCOLATE,8026,146,N/A,N/A,N/A,N/A,8027,65,8028.0,81.0,N/A,N/A,8026.5,0.0
0,99200,CHOCOLATE,8027,112,N/A,N/A,N/A,N/A,8029,112,N/A,N/A,N/A,N/A,8028.0,0.0
0,99300,CHOCOLATE,8029,52,8028.0,55.0,N/A,N/A,8030,107,N/A,N/A,N/A,N/A,8029.5,0.0
0,99400,CHOCOLATE,8029,100,N/A,N/A,N/A,N/A,8030,9,8031.0,100.0,N/A,N/A,8029.5,0.0
0,99500,CHOCOLATE,8030,101,N/A,N/A,N/A,N/A,8031,47,8032.0,54.0,N/A,N/A,8030.5,0.0
0,99600,CHOCOLATE,8029,122,N/A,N/A,N/A,N/A,8031,122,N/A,N/A,N/A,N/A,8030.0,0.0
0,99700,CHOCOLATE,8029,65,8028.0,50.0,N/A,N/A,8030,115,N/A,N/A,N/A,N/A,8029.5,0.0
0,99800,CHOCOLATE,8028,124,N/A,N/A,N/A,N/A,8030,124,N/A,N/A,N/A,N/A,8029.0,0.0
0,99900,CHOCOLATE,8029,42,8028.0,98.0,N/A,N/A,8030,140,N/A,N/A,N/A,N/A,8029.5,0.0
0,100000,CHOCOLATE,8029,121,N/A,N/A,N/A,N/A,8031,121,N/A,N/A,N/A,N/A,8030.0,0.0
0,100100,CHOCOLATE,8029,39,8028.0,77.0,N/A,N/A,8030,116,N/A,N/A,N/A,N/A,8029.5,0.0
0,100200,CHOCOLATE,8029,131,N/A,N/A,N/A,N/A,8031,131,N/A,N/A,N/A,N/A,8030.0,0.0
0,100300,CHOCOLATE,8029,126,N/A,N/A,N/A,N/A,8031,126,N/A,N/A,N/A,N/A,8030.0,0.0
0,100400,CHOCOLATE,8028,37,8027.0,88.0,N/A,N/A,8029,37,8030.0,88.0,N/A,N/A,8028.5,0.0
0,100500,CHOCOLATE,8027,133,N/A,N/A,N/A,N/A,8028,39,8029.0,94.0,N/A,N/A,8027.5,0.0
0,100600,CHOCOLATE,8025,42,8024.0,94.0,N/A,N/A,8026,136,N/A,N/A,N/A,N/A,8025.5,0.0
0,100700,CHOCOLATE,8024,102,N/A,N/A,N/A,N/A,8025,39,8026.0,63.0,N/A,N/A,8024.5,0.0
0,100800,CHOCOLATE,8025,104,N/A,N/A,N/A,N/A,8027,104,N/A,N/A,N/A,N/A,8026.0,0.0
0,100900,CHOCOLATE,8025,60,8024.0,97.0,N/A,N/A,8026,60,8027.0,97.0,N/A,N/A,8025.5,0.0
0,101000,CHOCOLATE,8024,111,N/A,N/A,N/A,N/A,8026,111,N/A,N/A,N/A,N/A,8025.0,0.0
0,101100,CHOCOLATE,8024,47,8023.0,95.0,N/A,N/A,8025,142,N/A,N/A,N/A,N/A,8024.5,0.0
0,101200,CHOCOLATE,8025,65,8024.0,85.0,N/A,N/A,8026,65,8027.0,85.0,N/A,N/A,8025.5,0.0
0,101300,CHOCOLATE,8025,132,N/A,N/A,N/A,N/A,8027,132,N/A,N/A,N/A,N/A,8026.0,0.0
0,101400,CHOCOLATE,8026,58,8025.0,86.0,N/A,N/A,8027,144,N/A,N/A,N/A,N/A,8026.5,0.0
0,101500,CHOCOLATE,8024,132,N/A,N/A,N/A,N/A,8025,38,8026.0,94.0,N/A,N/A,8024.5,0.0
0,101600,CHOCOLATE,8024,131,N/A,N/A,N/A,N/A,8026,131,N/A,N/A,N/A,N/A,8025.0,0.0
0,101700,CHOCOLATE,8025,53,8024.0,54.0,N/A,N/A,8026,107,N/A,N/A,N/A,N/A,8025.5,0.0
0,101800,CHOCOLATE,8024,55,8023.0,100.0,N/A,N/A,8025,55,8026.0,100.0,N/A,N/A,8024.5,0.0
0,101900,CHOCOLATE,8026,55,8025.0,94.0,N/A,N/A,8027,55,8028.0,94.0,N/A,N/A,8026.5,0.0
0,102000,CHOCOLATE,8027,42,8026.0,97.0,N/A,N/A,8028,139,N/A,N/A,N/A,N/A,8027.5,0.0
0,102100,CHOCOLATE,8026,98,N/A,N/A,N/A,N/A,8028,98,N/A,N/A,N/A,N/A,8027.0,0.0
0,102200,CHOCOLATE,8025,130,N/A,N/A,N/A,N/A,8027,130,N/A,N/A,N/A,N/A,8026.0,0.0
0,102300,CHOCOLATE,8027,132,N/A,N/A,N/A,N/A,8029,132,N/A,N/A,N/A,N/A,8028.0,0.0
0,102400,CHOCOLATE,8026,128,N/A,N/A,N/A,N/A,8028,128,N/A,N/A,N/A,N/A,8027.0,0.0
0,102500,CHOCOLATE,8028,47,8027.0,72.0,N/A,N/A,8029,119,N/A,N/A,N/A,N/A,8028.5,0.0
0,102600,CHOCOLATE,8029,59,8028.0,79.0,N/A,N/A,8030,59,8031.0,79.0,N/A,N/A,8029.5,0.0
0,102700,CHOCOLATE,8028,118,N/A,N/A,N/A,N/A,8030,118,N/A,N/A,N/A,N/A,8029.0,0.0
0,102800,CHOCOLATE,8028,138,N/A,N/A,N/A,N/A,8030,138,N/A,N/A,N/A,N/A,8029.0,0.0
0,102900,CHOCOLATE,8027,65,8026.0,99.0,N/A,N/A,8028,164,N/A,N/A,N/A,N/A,8027.5,0.0
0,103000,CHOCOLATE,8027,133,N/A,N/A,N/A,N/A,8029,133,N/A,N/A,N/A,N/A,8028.0,0.0
0,103100,CHOCOLATE,8026,118,N/A,N/A,N/A,N/A,8028,118,N/A,N/A,N/A,N/A,8027.0,0.0
0,103200,CHOCOLATE,8028,57,8027.0,74.0,N/A,N/A,8029,57,8030.0,74.0,N/A,N/A,8028.5,0.0
0,103300,CHOCOLATE,8027,136,N/A,N/A,N/A,N/A,8028,55,8029.0,81.0,N/A,N/A,8027.5,0.0
0,103400,CHOCOLATE,8028,100,N/A,N/A,N/A,N/A,8029,41,8030.0,59.0,N/A,N/A,8028.5,0.0
0,103500,CHOCOLATE,8026,128,N/A,N/A,N/A,N/A,8028,128,N/A,N/A,N/A,N/A,8027.0,0.0
0,103600,CHOCOLATE,8029,119,N/A,N/A,N/A,N/A,8031,119,N/A,N/A,N/A,N/A,8030.0,0.0
0,103700,CHOCOLATE,8029,123,N/A,N/A,N/A,N/A,8031,123,N/A,N/A,N/A,N/A,8030.0,0.0
0,103800,CHOCOLATE,8028,44,8027.0,88.0,N/A,N/A,8029,44,8030.0,88.0,N/A,N/A,8028.5,0.0
0,103900,CHOCOLATE,8028,46,8027.0,51.0,N/A,N/A,8029,97,N/A,N/A,N/A,N/A,8028.5,0.0
0,104000,CHOCOLATE,8028,141,N/A,N/A,N/A,N/A,8030,141,N/A,N/A,N/A,N/A,8029.0,0.0
0,104100,CHOCOLATE,8029,125,N/A,N/A,N/A,N/A,8031,125,N/A,N/A,N/A,N/A,8030.0,0.0
0,104200,CHOCOLATE,8029,53,8028.0,75.0,N/A,N/A,8030,53,8031.0,75.0,N/A,N/A,8029.5,0.0
0,104300,CHOCOLATE,8031,108,N/A,N/A,N/A,N/A,8033,108,N/A,N/A,N/A,N/A,8032.0,0.0
0,104400,CHOCOLATE,8031,43,8030.0,73.0,N/A,N/A,8032,116,N/A,N/A,N/A,N/A,8031.5,0.0
0,104500,CHOCOLATE,8032,143,N/A,N/A,N/A,N/A,8033,48,8034.0,95.0,N/A,N/A,8032.5,0.0
0,104600,CHOCOLATE,8031,154,N/A,N/A,N/A,N/A,8033,154,N/A,N/A,N/A,N/A,8032.0,0.0
0,104700,CHOCOLATE,8033,52,8032.0,55.0,N/A,N/A,8034,52,8035.0,55.0,N/A,N/A,8033.5,0.0
0,104800,CHOCOLATE,8032,151,N/A,N/A,N/A,N/A,8034,151,N/A,N/A,N/A,N/A,8033.0,0.0
0,104900,CHOCOLATE,8033,98,N/A,N/A,N/A,N/A,8034,44,8035.0,54.0,N/A,N/A,8033.5,0.0
0,105000,CHOCOLATE,8033,120,N/A,N/A,N/A,N/A,8035,120,N/A,N/A,N/A,N/A,8034.0,0.0
0,105100,CHOCOLATE,8032,49,8031.0,83.0,N/A,N/A,8033,132,N/A,N/A,N/A,N/A,8032.5,0.0
0,105200,CHOCOLATE,8030,145,N/A,N/A,N/A,N/A,8032,145,N/A,N/A,N/A,N/A,8031.0,0.0
0,105300,CHOCOLATE,8030,37,8029.0,76.0,N/A,N/A,8031,37,8032.0,76.0,N/A,N/A,8030.5,0.0
0,105400,CHOCOLATE,8029,38,8028.0,100.0,N/A,N/A,8030,38,8031.0,100.0,N/A,N/A,8029.5,0.0
0,105500,CHOCOLATE,8029,54,8028.0,53.0,N/A,N/A,8030,54,8031.0,53.0,N/A,N/A,8029.5,0.0
0,105600,CHOCOLATE,8029,105,N/A,N/A,N/A,N/A,8031,105,N/A,N/A,N/A,N/A,8030.0,0.0
0,105700,CHOCOLATE,8029,140,N/A,N/A,N/A,N/A,8031,140,N/A,N/A,N/A,N/A,8030.0,0.0
0,105800,CHOCOLATE,8030,106,N/A,N/A,N/A,N/A,8032,106,N/A,N/A,N/A,N/A,8031.0,0.0
0,105900,CHOCOLATE,8028,126,N/A,N/A,N/A,N/A,8029,40,8030.0,86.0,N/A,N/A,8028.5,0.0
0,106000,CHOCOLATE,8028,88,N/A,N/A,N/A,N/A,8029,37,8030.0,51.0,N/A,N/A,8028.5,0.0
0,106100,CHOCOLATE,8025,107,N/A,N/A,N/A,N/A,8026,37,8027.0,70.0,N/A,N/A,8025.5,0.0
0,106200,CHOCOLATE,8025,57,8024.0,78.0,N/A,N/A,8026,135,N/A,N/A,N/A,N/A,8025.5,0.0
0,106300,CHOCOLATE,8024,150,N/A,N/A,N/A,N/A,8026,150,N/A,N/A,N/A,N/A,8025.0,0.0
0,106400,CHOCOLATE,8023,62,8022.0,69.0,N/A,N/A,8024,131,N/A,N/A,N/A,N/A,8023.5,0.0
0,106500,CHOCOLATE,8022,100,N/A,N/A,N/A,N/A,8024,100,N/A,N/A,N/A,N/A,8023.0,0.0
0,106600,CHOCOLATE,8022,61,8021.0,67.0,N/A,N/A,8023,61,8024.0,67.0,N/A,N/A,8022.5,0.0
0,106700,CHOCOLATE,8020,156,N/A,N/A,N/A,N/A,8022,156,N/A,N/A,N/A,N/A,8021.0,0.0
0,106800,CHOCOLATE,8022,46,8021.0,65.0,N/A,N/A,8023,46,8024.0,65.0,N/A,N/A,8022.5,0.0
0,106900,CHOCOLATE,8022,126,N/A,N/A,N/A,N/A,8024,126,N/A,N/A,N/A,N/A,8023.0,0.0
0,107000,CHOCOLATE,8023,41,8022.0,87.0,N/A,N/A,8024,41,8025.0,87.0,N/A,N/A,8023.5,0.0
0,107100,CHOCOLATE,8022,53,8021.0,66.0,N/A,N/A,8023,53,8024.0,66.0,N/A,N/A,8022.5,0.0
0,107200,CHOCOLATE,8022,96,N/A,N/A,N/A,N/A,8024,96,N/A,N/A,N/A,N/A,8023.0,0.0
0,107300,CHOCOLATE,8025,64,8024.0,70.0,N/A,N/A,8026,134,N/A,N/A,N/A,N/A,8025.5,0.0
0,107400,CHOCOLATE,8026,58,8025.0,96.0,N/A,N/A,8027,58,8028.0,96.0,N/A,N/A,8026.5,0.0
0,107500,CHOCOLATE,8023,114,N/A,N/A,N/A,N/A,8025,114,N/A,N/A,N/A,N/A,8024.0,0.0
0,107600,CHOCOLATE,8021,122,N/A,N/A,N/A,N/A,8023,122,N/A,N/A,N/A,N/A,8022.0,0.0
0,107700,CHOCOLATE,8023,142,N/A,N/A,N/A,N/A,8024,46,8025.0,96.0,N/A,N/A,8023.5,0.0
0,107800,CHOCOLATE,8023,101,N/A,N/A,N/A,N/A,8025,101,N/A,N/A,N/A,N/A,8024.0,0.0
0,107900,CHOCOLATE,8024,39,8023.0,65.0,N/A,N/A,8025,104,N/A,N/A,N/A,N/A,8024.5,0.0
0,108000,CHOCOLATE,8024,143,N/A,N/A,N/A,N/A,8026,143,N/A,N/A,N/A,N/A,8025.0,0.0
0,108100,CHOCOLATE,8025,52,8024.0,77.0,N/A,N/A,8026,52,8027.0,77.0,N/A,N/A,8025.5,0.0
0,108200,CHOCOLATE,8024,118,N/A,N/A,N/A,N/A,8026,118,N/A,N/A,N/A,N/A,8025.0,0.0
0,108300,CHOCOLATE,8026,65,8025.0,62.0,N/A,N/A,8027,65,8028.0,62.0,N/A,N/A,8026.5,0.0
0,108400,CHOCOLATE,8026,122,N/A,N/A,N/A,N/A,8028,122,N/A,N/A,N/A,N/A,8027.0,0.0
0,108500,CHOCOLATE,8026,107,N/A,N/A,N/A,N/A,8027,54,8028.0,53.0,N/A,N/A,8026.5,0.0
0,108600,CHOCOLATE,8026,54,8025.0,87.0,N/A,N/A,8027,54,8028.0,87.0,N/A,N/A,8026.5,0.0
0,108700,CHOCOLATE,8027,49,8026.0,93.0,N/A,N/A,8028,49,8029.0,93.0,N/A,N/A,8027.5,0.0
0,108800,CHOCOLATE,8029,132,N/A,N/A,N/A,N/A,8031,132,N/A,N/A,N/A,N/A,8030.0,0.0
0,108900,CHOCOLATE,8029,143,N/A,N/A,N/A,N/A,8031,143,N/A,N/A,N/A,N/A,8030.0,0.0
0,109000,CHOCOLATE,8030,129,N/A,N/A,N/A,N/A,8031,41,8032.0,88.0,N/A,N/A,8030.5,0.0
0,109100,CHOCOLATE,8029,121,N/A,N/A,N/A,N/A,8031,121,N/A,N/A,N/A,N/A,8030.0,0.0
0,109200,CHOCOLATE,8028,156,N/A,N/A,N/A,N/A,8030,156,N/A,N/A,N/A,N/A,8029.0,0.0
0,109300,CHOCOLATE,8028,117,N/A,N/A,N/A,N/A,8029,43,8030.0,74.0,N/A,N/A,8028.5,0.0
0,109400,CHOCOLATE,8027,59,8026.0,79.0,N/A,N/A,8028,59,8029.0,79.0,N/A,N/A,8027.5,0.0
0,109500,CHOCOLATE,8027,127,N/A,N/A,N/A,N/A,8029,127,N/A,N/A,N/A,N/A,8028.0,0.0
0,109600,CHOCOLATE,8028,61,8027.0,59.0,N/A,N/A,8029,120,N/A,N/A,N/A,N/A,8028.5,0.0
0,109700,CHOCOLATE,8029,124,N/A,N/A,N/A,N/A,8030,52,8031.0,72.0,N/A,N/A,8029.5,0.0
0,109800,CHOCOLATE,8028,95,N/A,N/A,N/A,N/A,8030,95,N/A,N/A,N/A,N/A,8029.0,0.0
0,109900,CHOCOLATE,8028,58,8027.0,72.0,N/A,N/A,8029,58,8030.0,72.0,N/A,N/A,8028.5,0.0
0,110000,CHOCOLATE,8029,63,8028.0,70.0,N/A,N/A,8030,63,8031.0,70.0,N/A,N/A,8029.5,0.0
0,110100,CHOCOLATE,8028,146,N/A,N/A,N/A,N/A,8030,146,N/A,N/A,N/A,N/A,8029.0,0.0
0,110200,CHOCOLATE,8029,130,N/A,N/A,N/A,N/A,8030,62,8031.0,68.0,N/A,N/A,8029.5,0.0
0,110300,CHOCOLATE,8029,126,N/A,N/A,N/A,N/A,8031,126,N/A,N/A,N/A,N/A,8030.0,0.0
0,110400,CHOCOLATE,8029,119,N/A,N/A,N/A,N/A,8031,119,N/A,N/A,N/A,N/A,8030.0,0.0
0,110500,CHOCOLATE,8029,126,N/A,N/A,N/A,N/A,8031,126,N/A,N/A,N/A,N/A,8030.0,0.0
0,110600,CHOCOLATE,8028,116,N/A,N/A,N/A,N/A,8030,116,N/A,N/A,N/A,N/A,8029.0,0.0
0,110700,CHOCOLATE,8031,37,8030.0,72.0,N/A,N/A,8032,37,8033.0,72.0,N/A,N/A,8031.5,0.0
0,110800,CHOCOLATE,8031,56,8030.0,79.0,N/A,N/A,8032,135,N/A,N/A,N/A,N/A,8031.5,0.0
0,110900,CHOCOLATE,8032,112,N/A,N/A,N/A,N/A,8034,112,N/A,N/A,N/A,N/A,8033.0,0.0
0,111000,CHOCOLATE,8031,109,N/A,N/A,N/A,N/A,8033,109,N/A,N/A,N/A,N/A,8032.0,0.0
0,111100,CHOCOLATE,8031,45,8030.0,77.0,N/A,N/A,8032,45,8033.0,77.0,N/A,N/A,8031.5,0.0
0,111200,CHOCOLATE,8030,135,N/A,N/A,N/A,N/A,8031,61,8032.0,74.0,N/A,N/A,8030.5,0.0
0,111300,CHOCOLATE,8029,45,8028.0,60.0,N/A,N/A,8030,105,N/A,N/A,N/A,N/A,8029.5,0.0
0,111400,CHOCOLATE,8029,109,N/A,N/A,N/A,N/A,8030,44,8031.0,65.0,N/A,N/A,8029.5,0.0
0,111500,CHOCOLATE,8030,59,8029.0,68.0,N/A,N/A,8031,59,8032.0,68.0,N/A,N/A,8030.5,0.0
0,111600,CHOCOLATE,8028,147,N/A,N/A,N/A,N/A,8029,65,8030.0,82.0,N/A,N/A,8028.5,0.0
0,111700,CHOCOLATE,8029,5,8028.0,127.0,N/A,N/A,8030,127,N/A,N/A,N/A,N/A,8029.5,0.0
0,111800,CHOCOLATE,8028,54,8027.0,56.0,N/A,N/A,8029,54,8030.0,56.0,N/A,N/A,8028.5,0.0
0,111900,CHOCOLATE,8027,100,N/A,N/A,N/A,N/A,8028,39,8029.0,61.0,N/A,N/A,8027.5,0.0
0,112000,CHOCOLATE,8028,144,N/A,N/A,N/A,N/A,8030,144,N/A,N/A,N/A,N/A,8029.0,0.0
0,112100,CHOCOLATE,8028,109,N/A,N/A,N/A,N/A,8030,109,N/A,N/A,N/A,N/A,8029.0,0.0
0,112200,CHOCOLATE,8027,37,8026.0,61.0,N/A,N/A,8028,37,8029.0,61.0,N/A,N/A,8027.5,0.0
0,112300,CHOCOLATE,8026,160,N/A,N/A,N/A,N/A,8028,160,N/A,N/A,N/A,N/A,8027.0,0.0
0,112400,CHOCOLATE,8025,96,N/A,N/A,N/A,N/A,8027,96,N/A,N/A,N/A,N/A,8026.0,0.0
0,112500,CHOCOLATE,8024,132,N/A,N/A,N/A,N/A,8025,35,8026.0,97.0,N/A,N/A,8024.5,0.0
0,112600,CHOCOLATE,8022,140,N/A,N/A,N/A,N/A,8024,140,N/A,N/A,N/A,N/A,8023.0,0.0
0,112700,CHOCOLATE,8020,119,N/A,N/A,N/A,N/A,8022,119,N/A,N/A,N/A,N/A,8021.0,0.0
0,112800,CHOCOLATE,8022,116,N/A,N/A,N/A,N/A,8024,116,N/A,N/A,N/A,N/A,8023.0,0.0
0,112900,CHOCOLATE,8022,119,N/A,N/A,N/A,N/A,8024,119,N/A,N/A,N/A,N/A,8023.0,0.0
0,113000,CHOCOLATE,8023,138,N/A,N/A,N/A,N/A,8025,138,N/A,N/A,N/A,N/A,8024.0,0.0
0,113100,CHOCOLATE,8023,43,8022.0,80.0,N/A,N/A,8024,43,8025.0,80.0,N/A,N/A,8023.5,0.0
0,113200,CHOCOLATE,8023,124,N/A,N/A,N/A,N/A,8024,38,8025.0,86.0,N/A,N/A,8023.5,0.0
0,113300,CHOCOLATE,8022,119,N/A,N/A,N/A,N/A,8024,119,N/A,N/A,N/A,N/A,8023.0,0.0
0,113400,CHOCOLATE,8022,44,8021.0,72.0,N/A,N/A,8023,116,N/A,N/A,N/A,N/A,8022.5,0.0
0,113500,CHOCOLATE,8020,121,N/A,N/A,N/A,N/A,8022,121,N/A,N/A,N/A,N/A,8021.0,0.0
0,113600,CHOCOLATE,8022,54,8021.0,58.0,N/A,N/A,8023,112,N/A,N/A,N/A,N/A,8022.5,0.0
0,113700,CHOCOLATE,8022,57,8021.0,85.0,N/A,N/A,8023,142,N/A,N/A,N/A,N/A,8022.5,0.0
0,113800,CHOCOLATE,8020,123,N/A,N/A,N/A,N/A,8022,123,N/A,N/A,N/A,N/A,8021.0,0.0
0,113900,CHOCOLATE,8023,38,8022.0,56.0,N/A,N/A,8024,38,8025.0,56.0,N/A,N/A,8023.5,0.0
0,114000,CHOCOLATE,8023,97,N/A,N/A,N/A,N/A,8025,97,N/A,N/A,N/A,N/A,8024.0,0.0
0,114100,CHOCOLATE,8024,62,8023.0,78.0,N/A,N/A,8025,62,8026.0,78.0,N/A,N/A,8024.5,0.0
0,114200,CHOCOLATE,8024,57,8023.0,67.0,N/A,N/A,8025,124,N/A,N/A,N/A,N/A,8024.5,0.0
0,114300,CHOCOLATE,8025,131,N/A,N/A,N/A,N/A,8026,50,8027.0,81.0,N/A,N/A,8025.5,0.0
0,114400,CHOCOLATE,8025,138,N/A,N/A,N/A,N/A,8026,63,8027.0,75.0,N/A,N/A,8025.5,0.0
0,114500,CHOCOLATE,8026,130,N/A,N/A,N/A,N/A,8028,130,N/A,N/A,N/A,N/A,8027.0,0.0
0,114600,CHOCOLATE,8024,127,N/A,N/A,N/A,N/A,8026,127,N/A,N/A,N/A,N/A,8025.0,0.0
0,114700,CHOCOLATE,8025,130,N/A,N/A,N/A,N/A,8026,47,8027.0,83.0,N/A,N/A,8025.5,0.0
0,114800,CHOCOLATE,8025,51,8024.0,65.0,N/A,N/A,8026,51,8027.0,65.0,N/A,N/A,8025.5,0.0
0,114900,CHOCOLATE,8027,36,8026.0,94.0,N/A,N/A,8028,130,N/A,N/A,N/A,N/A,8027.5,0.0
0,115000,CHOCOLATE,8028,52,8027.0,93.0,N/A,N/A,8029,52,8030.0,93.0,N/A,N/A,8028.5,0.0
0,115100,CHOCOLATE,8031,58,8030.0,73.0,N/A,N/A,8032,131,N/A,N/A,N/A,N/A,8031.5,0.0
0,115200,CHOCOLATE,8030,41,8029.0,58.0,N/A,N/A,8031,41,8032.0,58.0,N/A,N/A,8030.5,0.0
0,115300,CHOCOLATE,8031,52,8030.0,84.0,N/A,N/A,8032,52,8033.0,84.0,N/A,N/A,8031.5,0.0
0,115400,CHOCOLATE,8030,139,N/A,N/A,N/A,N/A,8032,139,N/A,N/A,N/A,N/A,8031.0,0.0
0,115500,CHOCOLATE,8031,104,N/A,N/A,N/A,N/A,8033,104,N/A,N/A,N/A,N/A,8032.0,0.0
0,115600,CHOCOLATE,8031,121,N/A,N/A,N/A,N/A,8033,121,N/A,N/A,N/A,N/A,8032.0,0.0
0,115700,CHOCOLATE,8032,105,N/A,N/A,N/A,N/A,8034,105,N/A,N/A,N/A,N/A,8033.0,0.0
0,115800,CHOCOLATE,8033,64,8032.0,78.0,N/A,N/A,8034,142,N/A,N/A,N/A,N/A,8033.5,0.0
0,115900,CHOCOLATE,8033,131,N/A,N/A,N/A,N/A,8034,51,8035.0,80.0,N/A,N/A,8033.5,0.0
0,116000,CHOCOLATE,8031,107,N/A,N/A,N/A,N/A,8033,107,N/A,N/A,N/A,N/A,8032.0,0.0
0,116100,CHOCOLATE,8032,60,8031.0,61.0,N/A,N/A,8033,60,8034.0,61.0,N/A,N/A,8032.5,0.0
0,116200,CHOCOLATE,8030,107,N/A,N/A,N/A,N/A,8032,107,N/A,N/A,N/A,N/A,8031.0,0.0
0,116300,CHOCOLATE,8030,50,8029.0,85.0,N/A,N/A,8031,50,8032.0,85.0,N/A,N/A,8030.5,0.0
0,116400,CHOCOLATE,8028,53,8027.0,53.0,N/A,N/A,8029,106,N/A,N/A,N/A,N/A,8028.5,0.0
0,116500,CHOCOLATE,8028,64,8027.0,98.0,N/A,N/A,8029,64,8030.0,98.0,N/A,N/A,8028.5,0.0
0,116600,CHOCOLATE,8027,113,N/A,N/A,N/A,N/A,8028,46,8029.0,67.0,N/A,N/A,8027.5,0.0
0,116700,CHOCOLATE,8026,58,8025.0,96.0,N/A,N/A,8027,154,N/A,N/A,N/A,N/A,8026.5,0.0
0,116800,CHOCOLATE,8026,60,8025.0,83.0,N/A,N/A,8027,60,8028.0,83.0,N/A,N/A,8026.5,0.0
0,116900,CHOCOLATE,8026,44,8025.0,65.0,N/A,N/A,8027,109,N/A,N/A,N/A,N/A,8026.5,0.0
0,117000,CHOCOLATE,8025,61,8024.0,61.0,N/A,N/A,8026,61,8027.0,61.0,N/A,N/A,8025.5,0.0
0,117100,CHOCOLATE,8026,44,8025.0,80.0,N/A,N/A,8027,124,N/A,N/A,N/A,N/A,8026.5,0.0
0,117200,CHOCOLATE,8026,48,8025.0,92.0,N/A,N/A,8027,48,8028.0,92.0,N/A,N/A,8026.5,0.0
0,117300,CHOCOLATE,8024,119,N/A,N/A,N/A,N/A,8026,119,N/A,N/A,N/A,N/A,8025.0,0.0
0,117400,CHOCOLATE,8026,48,8025.0,97.0,N/A,N/A,8027,48,8028.0,97.0,N/A,N/A,8026.5,0.0
0,117500,CHOCOLATE,8026,51,8025.0,99.0,N/A,N/A,8027,150,N/A,N/A,N/A,N/A,8026.5,0.0
0,117600,CHOCOLATE,8027,61,8026.0,67.0,N/A,N/A,8028,132,N/A,N/A,N/A,N/A,8027.5,0.0
0,117700,CHOCOLATE,8027,123,N/A,N/A,N/A,N/A,8029,123,N/A,N/A,N/A,N/A,8028.0,0.0
0,117800,CHOCOLATE,8027,152,N/A,N/A,N/A,N/A,8029,152,N/A,N/A,N/A,N/A,8028.0,0.0
0,117900,CHOCOLATE,8027,145,N/A,N/A,N/A,N/A,8028,59,8029.0,86.0,N/A,N/A,8027.5,0.0
0,118000,CHOCOLATE,8027,102,N/A,N/A,N/A,N/A,8029,102,N/A,N/A,N/A,N/A,8028.0,0.0
0,118100,CHOCOLATE,8027,114,N/A,N/A,N/A,N/A,8029,114,N/A,N/A,N/A,N/A,8028.0,0.0
0,118200,CHOCOLATE,8027,117,N/A,N/A,N/A,N/A,8028,59,8029.0,58.0,N/A,N/A,8027.5,0.0
0,118300,CHOCOLATE,8027,136,N/A,N/A,N/A,N/A,8029,136,N/A,N/A,N/A,N/A,8028.0,0.0
0,118400,CHOCOLATE,8027,135,N/A,N/A,N/A,N/A,8028,38,8029.0,97.0,N/A,N/A,8027.5,0.0
0,118500,CHOCOLATE,8026,45,8025.0,70.0,N/A,N/A,8027,45,8028.0,70.0,N/A,N/A,8026.5,0.0
0,118600,CHOCOLATE,8026,53,8025.0,86.0,N/A,N/A,8027,53,8028.0,86.0,N/A,N/A,8026.5,0.0
0,118700,CHOCOLATE,8026,45,8025.0,60.0,N/A,N/A,8027,45,8028.0,60.0,N/A,N/A,8026.5,0.0
0,118800,CHOCOLATE,8026,108,N/A,N/A,N/A,N/A,8027,51,8028.0,63.0,N/A,N/A,8026.5,0.0
0,118900,CHOCOLATE,8027,50,8026.0,68.0,N/A,N/A,8028,50,8029.0,68.0,N/A,N/A,8027.5,0.0
0,119000,CHOCOLATE,8028,39,8027.0,56.0,N/A,N/A,8029,95,N/A,N/A,N/A,N/A,8028.5,0.0
0,119100,CHOCOLATE,8027,45,8026.0,74.0,N/A,N/A,8028,45,8029.0,74.0,N/A,N/A,8027.5,0.0
0,119200,CHOCOLATE,8027,63,8026.0,96.0,N/A,N/A,8028,159,N/A,N/A,N/A,N/A,8027.5,0.0
0,119300,CHOCOLATE,8027,129,N/A,N/A,N/A,N/A,8029,129,N/A,N/A,N/A,N/A,8028.0,0.0
0,119400,CHOCOLATE,8028,56,8027.0,91.0,N/A,N/A,8029,56,8030.0,91.0,N/A,N/A,8028.5,0.0
0,119500,CHOCOLATE,8027,136,N/A,N/A,N/A,N/A,8029,136,N/A,N/A,N/A,N/A,8028.0,0.0
0,119600,CHOCOLATE,8028,60,8027.0,63.0,N/A,N/A,8029,60,8030.0,63.0,N/A,N/A,8028.5,0.0
0,119700,CHOCOLATE,8029,137,N/A,N/A,N/A,N/A,8031,137,N/A,N/A,N/A,N/A,8030.0,0.0
0,119800,CHOCOLATE,8029,126,N/A,N/A,N/A,N/A,8031,126,N/A,N/A,N/A,N/A,8030.0,0.0
0,119900,CHOCOLATE,8030,58,8029.0,96.0,N/A,N/A,8031,154,N/A,N/A,N/A,N/A,8030.5,0.0
0,120000,CHOCOLATE,8029,53,8028.0,68.0,N/A,N/A,8030,60,8031.0,68.0,N/A,N/A,8029.5,0.0
0,120100,CHOCOLATE,8029,111,N/A,N/A,N/A,N/A,8031,111,N/A,N/A,N/A,N/A,8030.0,0.0
0,120200,CHOCOLATE,8030,51,8029.0,50.0,N/A,N/A,8031,101,N/A,N/A,N/A,N/A,8030.5,0.0
0,120300,CHOCOLATE,8029,110,N/A,N/A,N/A,N/A,8031,110,N/A,N/A,N/A,N/A,8030.0,0.0
0,120400,CHOCOLATE,8029,102,N/A,N/A,N/A,N/A,8031,102,N/A,N/A,N/A,N/A,8030.0,0.0
0,120500,CHOCOLATE,8031,51,8030.0,52.0,N/A,N/A,8032,103,N/A,N/A,N/A,N/A,8031.5,0.0
0,120600,CHOCOLATE,8031,144,N/A,N/A,N/A,N/A,8032,47,8033.0,97.0,N/A,N/A,8031.5,0.0
0,120700,CHOCOLATE,8030,104,N/A,N/A,N/A,N/A,8032,104,N/A,N/A,N/A,N/A,8031.0,0.0
0,120800,CHOCOLATE,8029,47,8028.0,63.0,N/A,N/A,8030,110,N/A,N/A,N/A,N/A,8029.5,0.0
0,120900,CHOCOLATE,8027,135,N/A,N/A,N/A,N/A,8029,135,N/A,N/A,N/A,N/A,8028.0,0.0
0,121000,CHOCOLATE,8029,127,N/A,N/A,N/A,N/A,8031,127,N/A,N/A,N/A,N/A,8030.0,0.0
0,121100,CHOCOLATE,8030,46,8029.0,97.0,N/A,N/A,8031,143,N/A,N/A,N/A,N/A,8030.5,0.0
0,121200,CHOCOLATE,8028,119,N/A,N/A,N/A,N/A,8030,119,N/A,N/A,N/A,N/A,8029.0,0.0
0,121300,CHOCOLATE,8028,49,8027.0,90.0,N/A,N/A,8029,49,8030.0,90.0,N/A,N/A,8028.5,0.0
0,121400,CHOCOLATE,8028,136,N/A,N/A,N/A,N/A,8029,49,8030.0,87.0,N/A,N/A,8028.5,0.0
0,121500,CHOCOLATE,8028,121,N/A,N/A,N/A,N/A,8029,39,8030.0,82.0,N/A,N/A,8028.5,0.0
0,121600,CHOCOLATE,8027,118,N/A,N/A,N/A,N/A,8028,58,8029.0,70.0,N/A,N/A,8027.5,0.0
0,121700,CHOCOLATE,8028,100,N/A,N/A,N/A,N/A,8030,100,N/A,N/A,N/A,N/A,8029.0,0.0
0,121800,CHOCOLATE,8027,155,N/A,N/A,N/A,N/A,8028,58,8029.0,97.0,N/A,N/A,8027.5,0.0
0,121900,CHOCOLATE,8027,126,N/A,N/A,N/A,N/A,8029,126,N/A,N/A,N/A,N/A,8028.0,0.0
0,122000,CHOCOLATE,8029,64,8028.0,100.0,N/A,N/A,8030,164,N/A,N/A,N/A,N/A,8029.5,0.0
0,122100,CHOCOLATE,8030,118,N/A,N/A,N/A,N/A,8032,118,N/A,N/A,N/A,N/A,8031.0,0.0
0,122200,CHOCOLATE,8029,47,8028.0,52.0,N/A,N/A,8030,47,8031.0,52.0,N/A,N/A,8029.5,0.0
0,122300,CHOCOLATE,8029,38,8028.0,54.0,N/A,N/A,8030,38,8031.0,54.0,N/A,N/A,8029.5,0.0
0,122400,CHOCOLATE,8027,117,N/A,N/A,N/A,N/A,8029,117,N/A,N/A,N/A,N/A,8028.0,0.0
