day,timestamp,product,bid_price_1,bid_volume_1,bid_price_2,bid_volume_2,bid_price_3,bid_volume_3,ask_price_1,ask_volume_1,ask_price_2,ask_volume_2,ask_price_3,ask_volume_3,mid_price,profit_and_loss
0,0,GIFT_BASKET,71348,19,71347.0,24.0,N/A,N/A,71362,19,71363.0,24.0,N/A,N/A,71355.0,0.0
0,100,GIFT_BASKET,71344,1,71343.0,12.0,71342.0,20.0,71355,1,71356.0,12.0,71357.0,20.0,71349.5,0.0
0,200,GIFT_BASKET,71344,4,71339.0,1.0,71338.0,14.0,71350,1,71351.0,14.0,71352.0,21.0,71347.0,0.0
0,300,GIFT_BASKET,71345,2,71343.0,11.0,71342.0,29.0,71356,2,71357.0,11.0,71358.0,29.0,71350.5,0.0
0,400,GIFT_BASKET,71336,2,71335.0,13.0,71334.0,25.0,71347,2,71348.0,13.0,71349.0,25.0,71341.5,0.0
0,500,GIFT_BASKET,71338,2,71337.0,16.0,71336.0,30.0,71349,2,71350.0,16.0,71351.0,30.0,71343.5,0.0
0,600,GIFT_BASKET,71343,2,71342.0,13.0,71341.0,21.0,71354,2,71355.0,13.0,71356.0,21.0,71348.5,0.0
0,700,GIFT_BASKET,71346,5,71340.0,16.0,71339.0,20.0,71353,16,71354.0,20.0,N/A,N/A,71349.5,0.0
0,800,GIFT_BASKET,71343,10,71342.0,30.0,N/A,N/A,71356,10,71357.0,30.0,N/A,N/A,71349.5,0.0
0,900,GIFT_BASKET,71341,2,71340.0,20.0,71339.0,26.0,71352,2,71353.0,20.0,71354.0,26.0,71346.5,0.0
0,1000,GIFT_BASKET,71349,2,71348.0,16.0,71347.0,19.0,71360,2,71361.0,16.0,71362.0,19.0,71354.5,0.0
0,1100,GIFT_BASKET,71353,2,71352.0,16.0,71351.0,16.0,71364,2,71365.0,16.0,71366.0,16.0,71358.5,0.0
0,1200,GIFT_BASKET,71338,2,71337.0,13.0,71336.0,24.0,71349,2,71350.0,13.0,71352.0,24.0,71343.5,0.0
0,1300,GIFT_BASKET,71349,1,71348.0,14.0,71347.0,29.0,71360,1,71361.0,14.0,71362.0,29.0,71354.5,0.0
0,1400,GIFT_BASKET,71342,2,71341.0,15.0,71340.0,24.0,71353,2,71354.0,15.0,71355.0,24.0,71347.5,0.0
0,1500,GIFT_BASKET,71347,2,71346.0,18.0,71345.0,18.0,71358,2,71359.0,18.0,71360.0,18.0,71352.5,0.0
0,1600,GIFT_BASKET,71351,1,71350.0,10.0,71349.0,25.0,71362,1,71363.0,10.0,71364.0,25.0,71356.5,0.0
0,1700,GIFT_BASKET,71348,20,71347.0,17.0,N/A,N/A,71361,20,71362.0,17.0,N/A,N/A,71354.5,0.0
0,1800,GIFT_BASKET,71362,2,71361.0,12.0,71359.0,23.0,71373,2,71374.0,12.0,71375.0,23.0,71367.5,0.0
0,1900,GIFT_BASKET,71378,7,71373.0,2.0,71372.0,17.0,71384,2,71385.0,17.0,71386.0,19.0,71381.0,0.0
0,2000,GIFT_BASKET,71369,1,71368.0,14.0,71366.0,23.0,71380,1,71381.0,14.0,71382.0,23.0,71374.5,0.0
0,2100,GIFT_BASKET,71349,13,71348.0,29.0,N/A,N/A,71362,13,71363.0,29.0,N/A,N/A,71355.5,0.0
0,2200,GIFT_BASKET,71333,2,71332.0,15.0,71331.0,21.0,71344,2,71345.0,15.0,71346.0,21.0,71338.5,0.0
0,2300,GIFT_BASKET,71335,2,71334.0,18.0,71333.0,24.0,71346,2,71347.0,18.0,71348.0,24.0,71340.5,0.0
0,2400,GIFT_BASKET,71340,2,71339.0,13.0,71337.0,21.0,71351,2,71352.0,13.0,71353.0,21.0,71345.5,0.0
0,2500,GIFT_BASKET,71351,1,71350.0,15.0,71349.0,15.0,71362,1,71363.0,15.0,71364.0,15.0,71356.5,0.0
0,2600,GIFT_BASKET,71359,15,71358.0,27.0,N/A,N/A,71372,15,71373.0,27.0,N/A,N/A,71365.5,0.0
0,2700,GIFT_BASKET,71344,1,71343.0,17.0,71341.0,20.0,71355,1,71356.0,17.0,71357.0,20.0,71349.5,0.0
0,2800,GIFT_BASKET,71337,20,71336.0,20.0,N/A,N/A,71350,20,71351.0,20.0,N/A,N/A,71343.5,0.0
0,2900,GIFT_BASKET,71342,2,71341.0,18.0,71340.0,28.0,71353,2,71354.0,18.0,71355.0,28.0,71347.5,0.0
0,3000,GIFT_BASKET,71330,2,71329.0,13.0,71328.0,26.0,71341,2,71342.0,13.0,71344.0,26.0,71335.5,0.0
0,3100,GIFT_BASKET,71332,2,71331.0,19.0,71330.0,29.0,71343,2,71344.0,19.0,71345.0,29.0,71337.5,0.0
0,3200,GIFT_BASKET,71330,2,71328.0,12.0,71327.0,22.0,71340,2,71342.0,12.0,71343.0,22.0,71335.0,0.0
0,3300,GIFT_BASKET,71327,2,71326.0,10.0,71325.0,26.0,71338,2,71339.0,10.0,71340.0,26.0,71332.5,0.0
0,3400,GIFT_BASKET,71320,2,71319.0,10.0,71318.0,15.0,71331,2,71332.0,10.0,71333.0,15.0,71325.5,0.0
0,3500,GIFT_BASKET,71329,2,71328.0,10.0,71327.0,18.0,71341,10,71342.0,18.0,N/A,N/A,71335.0,0.0
0,3600,GIFT_BASKET,71319,16,71318.0,21.0,N/A,N/A,71332,16,71333.0,21.0,N/A,N/A,71325.5,0.0
0,3700,GIFT_BASKET,71325,2,71324.0,10.0,71323.0,28.0,71336,2,71337.0,10.0,71338.0,28.0,71330.5,0.0
0,3800,GIFT_BASKET,71339,5,71328.0,1.0,71327.0,11.0,71340,11,71341.0,24.0,N/A,N/A,71339.5,0.0
0,3900,GIFT_BASKET,71333,6,71327.0,10.0,71326.0,27.0,71340,10,71341.0,27.0,N/A,N/A,71336.5,0.0
0,4000,GIFT_BASKET,71327,2,71326.0,13.0,71325.0,18.0,71338,2,71339.0,13.0,71341.0,18.0,71332.5,0.0
0,4100,GIFT_BASKET,71311,1,71310.0,19.0,71309.0,15.0,71322,1,71323.0,19.0,71324.0,15.0,71316.5,0.0
0,4200,GIFT_BASKET,71298,2,71297.0,12.0,71296.0,22.0,71309,2,71310.0,12.0,71311.0,22.0,71303.5,0.0
0,4300,GIFT_BASKET,71281,2,71280.0,10.0,71279.0,18.0,71292,2,71293.0,10.0,71294.0,18.0,71286.5,0.0
0,4400,GIFT_BASKET,71289,1,71288.0,18.0,71287.0,16.0,71300,1,71301.0,18.0,71302.0,16.0,71294.5,0.0
0,4500,GIFT_BASKET,71291,10,71290.0,18.0,N/A,N/A,71304,10,71305.0,18.0,N/A,N/A,71297.5,0.0
0,4600,GIFT_BASKET,71307,1,71306.0,12.0,71304.0,19.0,71312,2,71318.0,1.0,71319.0,12.0,71309.5,0.0
0,4700,GIFT_BASKET,71304,1,71303.0,18.0,71302.0,18.0,71315,1,71316.0,18.0,71317.0,18.0,71309.5,0.0
0,4800,GIFT_BASKET,71305,1,71304.0,15.0,71302.0,18.0,71316,1,71317.0,15.0,71318.0,18.0,71310.5,0.0
0,4900,GIFT_BASKET,71300,10,71299.0,28.0,N/A,N/A,71313,10,71315.0,28.0,N/A,N/A,71306.5,0.0
0,5000,GIFT_BASKET,71306,1,71305.0,11.0,71304.0,22.0,71317,1,71318.0,11.0,71319.0,22.0,71311.5,0.0
0,5100,GIFT_BASKET,71317,7,71311.0,15.0,71310.0,29.0,71324,15,71326.0,29.0,N/A,N/A,71320.5,0.0
0,5200,GIFT_BASKET,71301,2,71299.0,15.0,71298.0,19.0,71312,2,71313.0,15.0,71314.0,19.0,71306.5,0.0
0,5300,GIFT_BASKET,71290,14,71289.0,25.0,N/A,N/A,71303,14,71304.0,25.0,N/A,N/A,71296.5,0.0
0,5400,GIFT_BASKET,71289,20,71288.0,22.0,N/A,N/A,71302,20,71303.0,22.0,N/A,N/A,71295.5,0.0
0,5500,GIFT_BASKET,71294,1,71293.0,19.0,71292.0,18.0,71305,1,71306.0,19.0,71308.0,18.0,71299.5,0.0
0,5600,GIFT_BASKET,71298,1,71297.0,12.0,71296.0,22.0,71309,1,71310.0,12.0,71311.0,22.0,71303.5,0.0
0,5700,GIFT_BASKET,71310,2,71309.0,12.0,71308.0,21.0,71321,2,71322.0,12.0,71323.0,21.0,71315.5,0.0
0,5800,GIFT_BASKET,71303,12,71302.0,28.0,N/A,N/A,71316,12,71317.0,28.0,N/A,N/A,71309.5,0.0
0,5900,GIFT_BASKET,71309,1,71308.0,16.0,71307.0,15.0,71320,1,71321.0,16.0,71322.0,15.0,71314.5,0.0
0,6000,GIFT_BASKET,71304,2,71303.0,11.0,71302.0,29.0,71309,1,71315.0,2.0,71316.0,11.0,71306.5,0.0
0,6100,GIFT_BASKET,71307,1,71306.0,11.0,71305.0,29.0,71318,1,71319.0,11.0,71320.0,29.0,71312.5,0.0
0,6200,GIFT_BASKET,71310,1,71309.0,13.0,71308.0,28.0,71321,1,71322.0,13.0,71323.0,28.0,71315.5,0.0
0,6300,GIFT_BASKET,71317,18,71316.0,20.0,N/A,N/A,71323,3,71330.0,18.0,71331.0,20.0,71320.0,0.0
0,6400,GIFT_BASKET,71320,16,71319.0,30.0,N/A,N/A,71334,16,71335.0,30.0,N/A,N/A,71327.0,0.0
0,6500,GIFT_BASKET,71309,20,71308.0,18.0,N/A,N/A,71322,20,71323.0,18.0,N/A,N/A,71315.5,0.0
0,6600,GIFT_BASKET,71313,1,71312.0,14.0,71311.0,22.0,71324,1,71325.0,14.0,71326.0,22.0,71318.5,0.0
0,6700,GIFT_BASKET,71330,2,71329.0,18.0,71328.0,26.0,71335,8,71341.0,2.0,71342.0,18.0,71332.5,0.0
0,6800,GIFT_BASKET,71336,1,71335.0,17.0,71334.0,19.0,71347,1,71348.0,17.0,71349.0,19.0,71341.5,0.0
0,6900,GIFT_BASKET,71326,20,71325.0,17.0,N/A,N/A,71339,20,71340.0,17.0,N/A,N/A,71332.5,0.0
0,7000,GIFT_BASKET,71322,2,71321.0,10.0,71320.0,24.0,71333,2,71334.0,10.0,71335.0,24.0,71327.5,0.0
0,7100,GIFT_BASKET,71319,1,71318.0,13.0,71316.0,18.0,71330,1,71331.0,13.0,71332.0,18.0,71324.5,0.0
0,7200,GIFT_BASKET,71308,2,71307.0,11.0,71306.0,17.0,71319,2,71320.0,11.0,71321.0,17.0,71313.5,0.0
0,7300,GIFT_BASKET,71305,2,71304.0,18.0,71303.0,16.0,71316,2,71317.0,18.0,71318.0,16.0,71310.5,0.0
0,7400,GIFT_BASKET,71308,1,71303.0,2.0,71302.0,10.0,71314,2,71315.0,10.0,71316.0,23.0,71311.0,0.0
0,7500,GIFT_BASKET,71321,11,71320.0,17.0,N/A,N/A,71334,11,71335.0,17.0,N/A,N/A,71327.5,0.0
0,7600,GIFT_BASKET,71330,2,71329.0,10.0,71328.0,28.0,71335,6,71341.0,2.0,71342.0,10.0,71332.5,0.0
0,7700,GIFT_BASKET,71328,15,71327.0,25.0,N/A,N/A,71341,15,71342.0,25.0,N/A,N/A,71334.5,0.0
0,7800,GIFT_BASKET,71324,1,71323.0,12.0,71322.0,30.0,71335,1,71336.0,12.0,71337.0,30.0,71329.5,0.0
0,7900,GIFT_BASKET,71323,1,71322.0,15.0,71321.0,27.0,71334,1,71335.0,15.0,71336.0,27.0,71328.5,0.0
0,8000,GIFT_BASKET,71326,1,71325.0,16.0,71324.0,26.0,71337,1,71338.0,16.0,71339.0,26.0,71331.5,0.0
0,8100,GIFT_BASKET,71320,15,71319.0,28.0,N/A,N/A,71333,15,71334.0,28.0,N/A,N/A,71326.5,0.0
0,8200,GIFT_BASKET,71334,11,71333.0,22.0,N/A,N/A,71347,11,71348.0,22.0,N/A,N/A,71340.5,0.0
0,8300,GIFT_BASKET,71327,1,71326.0,17.0,71325.0,29.0,71338,1,71339.0,17.0,71340.0,29.0,71332.5,0.0
0,8400,GIFT_BASKET,71314,17,71313.0,22.0,N/A,N/A,71327,17,71328.0,22.0,N/A,N/A,71320.5,0.0
0,8500,GIFT_BASKET,71326,11,71325.0,16.0,N/A,N/A,71339,11,71340.0,16.0,N/A,N/A,71332.5,0.0
0,8600,GIFT_BASKET,71351,8,71341.0,1.0,71340.0,12.0,71352,1,71353.0,12.0,71354.0,23.0,71351.5,0.0
0,8700,GIFT_BASKET,71345,1,71344.0,13.0,71343.0,16.0,71356,1,71357.0,13.0,71358.0,16.0,71350.5,0.0
0,8800,GIFT_BASKET,71349,15,71348.0,22.0,N/A,N/A,71362,15,71364.0,22.0,N/A,N/A,71355.5,0.0
0,8900,GIFT_BASKET,71371,1,71370.0,11.0,71369.0,27.0,71382,1,71383.0,11.0,71384.0,27.0,71376.5,0.0
0,9000,GIFT_BASKET,71376,4,71370.0,10.0,71369.0,15.0,71383,10,71384.0,15.0,N/A,N/A,71379.5,0.0
0,9100,GIFT_BASKET,71377,1,71376.0,19.0,71375.0,28.0,71388,1,71389.0,19.0,71391.0,28.0,71382.5,0.0
0,9200,GIFT_BASKET,71394,20,71393.0,15.0,N/A,N/A,71407,20,71408.0,15.0,N/A,N/A,71400.5,0.0
0,9300,GIFT_BASKET,71386,10,71385.0,20.0,N/A,N/A,71399,10,71400.0,20.0,N/A,N/A,71392.5,0.0
0,9400,GIFT_BASKET,71399,2,71398.0,15.0,71397.0,17.0,71410,2,71411.0,15.0,71412.0,17.0,71404.5,0.0
0,9500,GIFT_BASKET,71386,1,71385.0,14.0,71384.0,26.0,71397,1,71398.0,14.0,71399.0,26.0,71391.5,0.0
0,9600,GIFT_BASKET,71378,12,71377.0,23.0,N/A,N/A,71391,12,71392.0,23.0,N/A,N/A,71384.5,0.0
0,9700,GIFT_BASKET,71383,18,71381.0,21.0,N/A,N/A,71396,18,71397.0,21.0,N/A,N/A,71389.5,0.0
0,9800,GIFT_BASKET,71378,13,71377.0,16.0,N/A,N/A,71384,3,71391.0,13.0,71392.0,16.0,71381.0,0.0
0,9900,GIFT_BASKET,71380,13,71379.0,29.0,N/A,N/A,71393,13,71394.0,29.0,N/A,N/A,71386.5,0.0
0,10000,GIFT_BASKET,71374,2,71373.0,19.0,71372.0,28.0,71385,2,71386.0,19.0,71387.0,28.0,71379.5,0.0
0,10100,GIFT_BASKET,71368,10,71367.0,21.0,N/A,N/A,71381,10,71383.0,21.0,N/A,N/A,71374.5,0.0
0,10200,GIFT_BASKET,71371,2,71370.0,11.0,71369.0,29.0,71382,2,71383.0,11.0,71384.0,29.0,71376.5,0.0
0,10300,GIFT_BASKET,71381,2,71380.0,18.0,71379.0,17.0,71392,2,71393.0,18.0,71395.0,17.0,71386.5,0.0
0,10400,GIFT_BASKET,71390,16,71388.0,20.0,N/A,N/A,71403,16,71404.0,20.0,N/A,N/A,71396.5,0.0
0,10500,GIFT_BASKET,71404,1,71403.0,19.0,71402.0,21.0,71415,1,71416.0,19.0,71417.0,21.0,71409.5,0.0
0,10600,GIFT_BASKET,71404,18,71402.0,29.0,N/A,N/A,71417,18,71418.0,29.0,N/A,N/A,71410.5,0.0
0,10700,GIFT_BASKET,71391,14,71390.0,21.0,N/A,N/A,71405,14,71406.0,21.0,N/A,N/A,71398.0,0.0
0,10800,GIFT_BASKET,71382,18,71381.0,21.0,N/A,N/A,71395,18,71396.0,21.0,N/A,N/A,71388.5,0.0
0,10900,GIFT_BASKET,71372,1,71371.0,11.0,71370.0,25.0,71383,1,71384.0,11.0,71385.0,25.0,71377.5,0.0
0,11000,GIFT_BASKET,71371,1,71370.0,14.0,71369.0,16.0,71376,7,71382.0,1.0,71383.0,14.0,71373.5,0.0
0,11100,GIFT_BASKET,71379,2,71378.0,18.0,71377.0,22.0,71390,2,71391.0,18.0,71392.0,22.0,71384.5,0.0
0,11200,GIFT_BASKET,71374,1,71373.0,11.0,71372.0,23.0,71385,1,71386.0,11.0,71387.0,23.0,71379.5,0.0
0,11300,GIFT_BASKET,71383,1,71382.0,10.0,71381.0,27.0,71394,1,71395.0,10.0,71396.0,27.0,71388.5,0.0
0,11400,GIFT_BASKET,71391,1,71390.0,14.0,71389.0,30.0,71402,1,71403.0,14.0,71404.0,30.0,71396.5,0.0
0,11500,GIFT_BASKET,71388,1,71387.0,17.0,71386.0,29.0,71399,1,71400.0,17.0,71401.0,29.0,71393.5,0.0
0,11600,GIFT_BASKET,71384,12,71383.0,23.0,N/A,N/A,71397,12,71399.0,23.0,N/A,N/A,71390.5,0.0
0,11700,GIFT_BASKET,71377,1,71376.0,14.0,71375.0,27.0,71388,1,71389.0,14.0,71391.0,27.0,71382.5,0.0
0,11800,GIFT_BASKET,71385,19,71384.0,18.0,N/A,N/A,71398,19,71399.0,18.0,N/A,N/A,71391.5,0.0
0,11900,GIFT_BASKET,71395,17,71394.0,26.0,N/A,N/A,71408,17,71409.0,26.0,N/A,N/A,71401.5,0.0
0,12000,GIFT_BASKET,71398,1,71392.0,13.0,71391.0,29.0,71405,13,71406.0,29.0,N/A,N/A,71401.5,0.0
0,12100,GIFT_BASKET,71396,2,71395.0,18.0,71393.0,26.0,71407,2,71408.0,18.0,71409.0,26.0,71401.5,0.0
0,12200,GIFT_BASKET,71396,2,71395.0,12.0,71394.0,28.0,71407,2,71408.0,12.0,71409.0,28.0,71401.5,0.0
0,12300,GIFT_BASKET,71401,1,71400.0,14.0,71399.0,17.0,71412,1,71413.0,14.0,71414.0,17.0,71406.5,0.0
0,12400,GIFT_BASKET,71384,1,71383.0,11.0,71382.0,17.0,71395,1,71396.0,11.0,71397.0,17.0,71389.5,0.0
0,12500,GIFT_BASKET,71390,2,71389.0,16.0,71388.0,23.0,71401,2,71402.0,16.0,71403.0,23.0,71395.5,0.0
0,12600,GIFT_BASKET,71393,1,71392.0,12.0,71391.0,18.0,71404,1,71405.0,12.0,71406.0,18.0,71398.5,0.0
0,12700,GIFT_BASKET,71391,5,71386.0,2.0,71385.0,20.0,71397,2,71398.0,20.0,71399.0,21.0,71394.0,0.0
0,12800,GIFT_BASKET,71399,1,71398.0,13.0,71396.0,26.0,71410,1,71411.0,13.0,71412.0,26.0,71404.5,0.0
0,12900,GIFT_BASKET,71391,15,71390.0,26.0,N/A,N/A,71404,15,71405.0,26.0,N/A,N/A,71397.5,0.0
0,13000,GIFT_BASKET,71387,11,71386.0,23.0,N/A,N/A,71400,11,71401.0,23.0,N/A,N/A,71393.5,0.0
0,13100,GIFT_BASKET,71384,2,71383.0,20.0,71382.0,18.0,71395,2,71396.0,20.0,71397.0,18.0,71389.5,0.0
0,13200,GIFT_BASKET,71393,16,71392.0,23.0,N/A,N/A,71406,16,71407.0,23.0,N/A,N/A,71399.5,0.0
0,13300,GIFT_BASKET,71396,2,71395.0,15.0,71394.0,16.0,71407,2,71408.0,15.0,71409.0,16.0,71401.5,0.0
0,13400,GIFT_BASKET,71385,1,71384.0,14.0,71383.0,15.0,71396,1,71397.0,14.0,71398.0,15.0,71390.5,0.0
0,13500,GIFT_BASKET,71387,1,71386.0,16.0,71385.0,16.0,71398,1,71399.0,16.0,71400.0,16.0,71392.5,0.0
0,13600,GIFT_BASKET,71382,2,71381.0,17.0,71380.0,18.0,71393,2,71394.0,17.0,71395.0,18.0,71387.5,0.0
0,13700,GIFT_BASKET,71385,2,71383.0,19.0,71382.0,23.0,71396,2,71397.0,19.0,71398.0,23.0,71390.5,0.0
0,13800,GIFT_BASKET,71386,1,71385.0,12.0,71384.0,18.0,71397,1,71398.0,12.0,71399.0,18.0,71391.5,0.0
0,13900,GIFT_BASKET,71382,20,71381.0,21.0,N/A,N/A,71395,20,71396.0,21.0,N/A,N/A,71388.5,0.0
0,14000,GIFT_BASKET,71388,1,71387.0,13.0,71386.0,18.0,71399,1,71400.0,13.0,71402.0,18.0,71393.5,0.0
0,14100,GIFT_BASKET,71393,2,71392.0,20.0,71391.0,27.0,71404,2,71405.0,20.0,71406.0,27.0,71398.5,0.0
0,14200,GIFT_BASKET,71390,2,71389.0,10.0,71388.0,16.0,71401,2,71402.0,10.0,71403.0,16.0,71395.5,0.0
0,14300,GIFT_BASKET,71405,5,71395.0,2.0,71394.0,20.0,71406,2,71407.0,20.0,71408.0,27.0,71405.5,0.0
0,14400,GIFT_BASKET,71406,1,71405.0,16.0,71404.0,17.0,71417,1,71418.0,16.0,71419.0,17.0,71411.5,0.0
0,14500,GIFT_BASKET,71400,1,71399.0,14.0,71398.0,16.0,71411,1,71412.0,14.0,71413.0,16.0,71405.5,0.0
0,14600,GIFT_BASKET,71388,11,71387.0,21.0,N/A,N/A,71401,11,71402.0,21.0,N/A,N/A,71394.5,0.0
0,14700,GIFT_BASKET,71387,2,71385.0,11.0,71384.0,19.0,71398,2,71399.0,11.0,71400.0,19.0,71392.5,0.0
0,14800,GIFT_BASKET,71387,2,71385.0,14.0,71384.0,30.0,71398,2,71399.0,14.0,71400.0,30.0,71392.5,0.0
0,14900,GIFT_BASKET,71390,2,71389.0,15.0,71388.0,17.0,71401,2,71402.0,15.0,71403.0,17.0,71395.5,0.0
0,15000,GIFT_BASKET,71393,1,71391.0,13.0,71390.0,30.0,71403,1,71405.0,13.0,71406.0,30.0,71398.0,0.0
0,15100,GIFT_BASKET,71392,1,71391.0,14.0,71390.0,24.0,71403,1,71404.0,14.0,71405.0,24.0,71397.5,0.0
0,15200,GIFT_BASKET,71392,2,71391.0,11.0,71390.0,20.0,71403,2,71404.0,11.0,71405.0,20.0,71397.5,0.0
0,15300,GIFT_BASKET,71405,2,71404.0,14.0,71403.0,25.0,71416,2,71417.0,14.0,71418.0,25.0,71410.5,0.0
0,15400,GIFT_BASKET,71404,2,71403.0,20.0,71402.0,27.0,71415,2,71416.0,20.0,71417.0,27.0,71409.5,0.0
0,15500,GIFT_BASKET,71399,15,71398.0,23.0,N/A,N/A,71413,15,71414.0,23.0,N/A,N/A,71406.0,0.0
0,15600,GIFT_BASKET,71389,1,71388.0,18.0,71387.0,27.0,71400,1,71401.0,18.0,71402.0,27.0,71394.5,0.0
0,15700,GIFT_BASKET,71380,2,71379.0,12.0,71378.0,17.0,71391,2,71392.0,12.0,71393.0,17.0,71385.5,0.0
0,15800,GIFT_BASKET,71371,2,71370.0,10.0,71369.0,21.0,71382,2,71384.0,10.0,71385.0,21.0,71376.5,0.0
0,15900,GIFT_BASKET,71378,20,71377.0,30.0,N/A,N/A,71391,20,71392.0,30.0,N/A,N/A,71384.5,0.0
0,16000,GIFT_BASKET,71376,2,71375.0,16.0,71374.0,30.0,71387,2,71388.0,16.0,71389.0,30.0,71381.5,0.0
0,16100,GIFT_BASKET,71360,15,71359.0,25.0,N/A,N/A,71373,15,71374.0,25.0,N/A,N/A,71366.5,0.0
0,16200,GIFT_BASKET,71373,10,71372.0,18.0,N/A,N/A,71386,10,71387.0,18.0,N/A,N/A,71379.5,0.0
0,16300,GIFT_BASKET,71380,2,71379.0,16.0,71378.0,19.0,71391,2,71392.0,16.0,71393.0,19.0,71385.5,0.0
0,16400,GIFT_BASKET,71375,2,71374.0,14.0,71373.0,29.0,71386,2,71387.0,14.0,71389.0,29.0,71380.5,0.0
0,16500,GIFT_BASKET,71372,2,71371.0,20.0,71370.0,27.0,71383,2,71384.0,20.0,71385.0,27.0,71377.5,0.0
0,16600,GIFT_BASKET,71376,2,71375.0,17.0,71373.0,23.0,71387,2,71388.0,17.0,71389.0,23.0,71381.5,0.0
0,16700,GIFT_BASKET,71364,1,71363.0,16.0,71362.0,23.0,71375,1,71376.0,16.0,71377.0,23.0,71369.5,0.0
0,16800,GIFT_BASKET,71378,2,71377.0,14.0,71376.0,20.0,71389,2,71390.0,14.0,71391.0,20.0,71383.5,0.0
0,16900,GIFT_BASKET,71380,1,71379.0,19.0,71377.0,29.0,71391,1,71392.0,19.0,71393.0,29.0,71385.5,0.0
0,17000,GIFT_BASKET,71370,20,71369.0,29.0,N/A,N/A,71384,20,71385.0,29.0,N/A,N/A,71377.0,0.0
0,17100,GIFT_BASKET,71374,1,71373.0,14.0,71371.0,27.0,71385,1,71386.0,14.0,71387.0,27.0,71379.5,0.0
0,17200,GIFT_BASKET,71373,2,71371.0,10.0,71370.0,28.0,71384,2,71385.0,10.0,71386.0,28.0,71378.5,0.0
0,17300,GIFT_BASKET,71364,3,71352.0,11.0,71351.0,22.0,71365,11,71367.0,22.0,N/A,N/A,71364.5,0.0
0,17400,GIFT_BASKET,71353,1,71352.0,13.0,71351.0,24.0,71364,1,71365.0,13.0,71366.0,24.0,71358.5,0.0
0,17500,GIFT_BASKET,71352,1,71351.0,11.0,71349.0,18.0,71363,1,71364.0,11.0,71365.0,18.0,71357.5,0.0
0,17600,GIFT_BASKET,71338,20,71337.0,17.0,N/A,N/A,71351,20,71352.0,17.0,N/A,N/A,71344.5,0.0
0,17700,GIFT_BASKET,71338,1,71337.0,12.0,71336.0,19.0,71349,1,71350.0,12.0,71351.0,19.0,71343.5,0.0
0,17800,GIFT_BASKET,71338,15,71336.0,21.0,N/A,N/A,71351,15,71352.0,21.0,N/A,N/A,71344.5,0.0
0,17900,GIFT_BASKET,71330,1,71329.0,13.0,71328.0,23.0,71341,1,71342.0,13.0,71343.0,23.0,71335.5,0.0
0,18000,GIFT_BASKET,71314,2,71313.0,13.0,71312.0,21.0,71325,2,71326.0,13.0,71327.0,21.0,71319.5,0.0
0,18100,GIFT_BASKET,71313,10,71312.0,27.0,N/A,N/A,71326,10,71328.0,27.0,N/A,N/A,71319.5,0.0
0,18200,GIFT_BASKET,71306,1,71305.0,11.0,71304.0,19.0,71317,1,71318.0,11.0,71319.0,19.0,71311.5,0.0
0,18300,GIFT_BASKET,71311,7,71306.0,2.0,71304.0,10.0,71316,2,71318.0,10.0,71319.0,17.0,71313.5,0.0
0,18400,GIFT_BASKET,71321,1,71320.0,13.0,71319.0,19.0,71332,1,71333.0,13.0,71334.0,19.0,71326.5,0.0
0,18500,GIFT_BASKET,71322,2,71321.0,18.0,71320.0,16.0,71333,2,71334.0,18.0,71335.0,16.0,71327.5,0.0
0,18600,GIFT_BASKET,71334,1,71333.0,13.0,71332.0,20.0,71345,1,71346.0,13.0,71347.0,20.0,71339.5,0.0
0,18700,GIFT_BASKET,71352,2,71351.0,16.0,71350.0,22.0,71363,2,71364.0,16.0,71365.0,22.0,71357.5,0.0
0,18800,GIFT_BASKET,71352,2,71351.0,17.0,71350.0,22.0,71363,2,71364.0,17.0,71365.0,22.0,71357.5,0.0
0,18900,GIFT_BASKET,71351,1,71349.0,17.0,71348.0,23.0,71362,1,71363.0,17.0,71364.0,23.0,71356.5,0.0
0,19000,GIFT_BASKET,71349,16,71348.0,19.0,N/A,N/A,71362,16,71363.0,19.0,N/A,N/A,71355.5,0.0
0,19100,GIFT_BASKET,71342,1,71341.0,16.0,71340.0,28.0,71353,1,71354.0,16.0,71355.0,28.0,71347.5,0.0
0,19200,GIFT_BASKET,71344,1,71343.0,10.0,71342.0,28.0,71355,1,71356.0,10.0,71357.0,28.0,71349.5,0.0
0,19300,GIFT_BASKET,71343,2,71342.0,17.0,71341.0,27.0,71354,2,71355.0,17.0,71356.0,27.0,71348.5,0.0
0,19400,GIFT_BASKET,71358,1,71357.0,16.0,71356.0,24.0,71369,1,71370.0,16.0,71372.0,24.0,71363.5,0.0
0,19500,GIFT_BASKET,71364,2,71363.0,10.0,71362.0,22.0,71375,2,71376.0,10.0,71377.0,22.0,71369.5,0.0
0,19600,GIFT_BASKET,71376,2,71375.0,20.0,71374.0,22.0,71387,2,71388.0,20.0,71389.0,22.0,71381.5,0.0
0,19700,GIFT_BASKET,71381,1,71380.0,16.0,71379.0,29.0,71392,1,71393.0,16.0,71394.0,29.0,71386.5,0.0
0,19800,GIFT_BASKET,71375,19,71374.0,27.0,N/A,N/A,71388,19,71389.0,27.0,N/A,N/A,71381.5,0.0
0,19900,GIFT_BASKET,71377,1,71376.0,19.0,71375.0,29.0,71388,1,71389.0,19.0,71390.0,29.0,71382.5,0.0
0,20000,GIFT_BASKET,71376,1,71375.0,14.0,71374.0,18.0,71387,1,71388.0,14.0,71389.0,18.0,71381.5,0.0
0,20100,GIFT_BASKET,71367,2,71366.0,11.0,71365.0,15.0,71378,2,71379.0,11.0,71380.0,15.0,71372.5,0.0
0,20200,GIFT_BASKET,71372,14,71371.0,22.0,N/A,N/A,71385,14,71386.0,22.0,N/A,N/A,71378.5,0.0
0,20300,GIFT_BASKET,71359,2,71358.0,15.0,71357.0,29.0,71370,2,71371.0,15.0,71372.0,29.0,71364.5,0.0
0,20400,GIFT_BASKET,71360,15,71359.0,27.0,N/A,N/A,71374,15,71375.0,27.0,N/A,N/A,71367.0,0.0
0,20500,GIFT_BASKET,71381,11,71380.0,18.0,N/A,N/A,71394,11,71395.0,18.0,N/A,N/A,71387.5,0.0
0,20600,GIFT_BASKET,71399,2,71398.0,13.0,71397.0,15.0,71410,2,71411.0,13.0,71412.0,15.0,71404.5,0.0
0,20700,GIFT_BASKET,71389,1,71388.0,12.0,71387.0,18.0,71400,1,71401.0,12.0,71402.0,18.0,71394.5,0.0
0,20800,GIFT_BASKET,71389,2,71388.0,20.0,71387.0,15.0,71400,2,71401.0,20.0,71402.0,15.0,71394.5,0.0
0,20900,GIFT_BASKET,71396,1,71395.0,11.0,71394.0,29.0,71407,1,71408.0,11.0,71409.0,29.0,71401.5,0.0
0,21000,GIFT_BASKET,71387,19,71386.0,21.0,N/A,N/A,71400,19,71401.0,21.0,N/A,N/A,71393.5,0.0
0,21100,GIFT_BASKET,71384,2,71383.0,11.0,71382.0,19.0,71395,2,71396.0,11.0,71397.0,19.0,71389.5,0.0
0,21200,GIFT_BASKET,71388,17,71387.0,18.0,N/A,N/A,71394,5,71401.0,17.0,71402.0,18.0,71391.0,0.0
0,21300,GIFT_BASKET,71395,14,71394.0,15.0,N/A,N/A,71408,14,71409.0,15.0,N/A,N/A,71401.5,0.0
0,21400,GIFT_BASKET,71397,15,71396.0,25.0,N/A,N/A,71411,15,71412.0,25.0,N/A,N/A,71404.0,0.0
0,21500,GIFT_BASKET,71391,2,71390.0,11.0,71389.0,15.0,71396,1,71402.0,2.0,71403.0,11.0,71393.5,0.0
0,21600,GIFT_BASKET,71387,16,71386.0,17.0,N/A,N/A,71400,16,71401.0,17.0,N/A,N/A,71393.5,0.0
0,21700,GIFT_BASKET,71398,1,71397.0,20.0,71396.0,23.0,71409,1,71410.0,20.0,71411.0,23.0,71403.5,0.0
0,21800,GIFT_BASKET,71403,6,71402.0,15.0,N/A,N/A,71415,1,71416.0,10.0,71417.0,15.0,71409.0,0.0
0,21900,GIFT_BASKET,71394,2,71393.0,16.0,71392.0,21.0,71405,2,71406.0,16.0,71407.0,21.0,71399.5,0.0
0,22000,GIFT_BASKET,71392,1,71391.0,20.0,71390.0,26.0,71403,1,71405.0,20.0,71406.0,26.0,71397.5,0.0
0,22100,GIFT_BASKET,71397,2,71396.0,10.0,71395.0,19.0,71408,2,71409.0,10.0,71411.0,19.0,71402.5,0.0
0,22200,GIFT_BASKET,71386,1,71385.0,13.0,71384.0,21.0,71397,1,71398.0,13.0,71399.0,21.0,71391.5,0.0
0,22300,GIFT_BASKET,71371,1,71370.0,11.0,71368.0,25.0,71382,1,71383.0,11.0,71384.0,25.0,71376.5,0.0
0,22400,GIFT_BASKET,71368,2,71367.0,11.0,71366.0,27.0,71379,2,71380.0,11.0,71381.0,27.0,71373.5,0.0
0,22500,GIFT_BASKET,71364,12,71363.0,22.0,N/A,N/A,71377,12,71378.0,22.0,N/A,N/A,71370.5,0.0
0,22600,GIFT_BASKET,71366,8,71361.0,1.0,71359.0,13.0,71372,1,71373.0,13.0,71374.0,19.0,71369.0,0.0
0,22700,GIFT_BASKET,71351,11,71350.0,20.0,N/A,N/A,71364,11,71365.0,20.0,N/A,N/A,71357.5,0.0
0,22800,GIFT_BASKET,71362,1,71361.0,10.0,71360.0,25.0,71373,1,71374.0,10.0,71375.0,25.0,71367.5,0.0
0,22900,GIFT_BASKET,71365,2,71364.0,12.0,71363.0,15.0,71376,2,71377.0,12.0,71378.0,15.0,71370.5,0.0
0,23000,GIFT_BASKET,71364,2,71363.0,20.0,71362.0,20.0,71375,2,71376.0,20.0,71377.0,20.0,71369.5,0.0
0,23100,GIFT_BASKET,71382,1,71381.0,12.0,71380.0,27.0,71393,1,71394.0,12.0,71395.0,27.0,71387.5,0.0
0,23200,GIFT_BASKET,71387,18,71386.0,19.0,N/A,N/A,71400,18,71401.0,19.0,N/A,N/A,71393.5,0.0
0,23300,GIFT_BASKET,71399,10,71397.0,22.0,N/A,N/A,71412,10,71413.0,22.0,N/A,N/A,71405.5,0.0
0,23400,GIFT_BASKET,71386,18,71385.0,22.0,N/A,N/A,71399,18,71400.0,22.0,N/A,N/A,71392.5,0.0
0,23500,GIFT_BASKET,71391,2,71390.0,13.0,71389.0,20.0,71402,2,71403.0,13.0,71404.0,20.0,71396.5,0.0
0,23600,GIFT_BASKET,71389,19,71388.0,22.0,N/A,N/A,71402,19,71403.0,22.0,N/A,N/A,71395.5,0.0
0,23700,GIFT_BASKET,71397,14,71396.0,24.0,N/A,N/A,71410,14,71411.0,24.0,N/A,N/A,71403.5,0.0
0,23800,GIFT_BASKET,71405,2,71404.0,20.0,71403.0,29.0,71416,2,71417.0,20.0,71418.0,29.0,71410.5,0.0
0,23900,GIFT_BASKET,71409,16,71408.0,21.0,N/A,N/A,71423,16,71424.0,21.0,N/A,N/A,71416.0,0.0
0,24000,GIFT_BASKET,71409,1,71408.0,13.0,71407.0,18.0,71420,1,71421.0,13.0,71422.0,18.0,71414.5,0.0
0,24100,GIFT_BASKET,71417,2,71416.0,20.0,71415.0,21.0,71428,2,71429.0,20.0,71430.0,21.0,71422.5,0.0
0,24200,GIFT_BASKET,71413,2,71412.0,19.0,71411.0,29.0,71424,2,71426.0,19.0,71427.0,29.0,71418.5,0.0
0,24300,GIFT_BASKET,71404,2,71403.0,10.0,71402.0,29.0,71415,2,71416.0,10.0,71417.0,29.0,71409.5,0.0
0,24400,GIFT_BASKET,71404,10,71403.0,29.0,N/A,N/A,71417,10,71418.0,29.0,N/A,N/A,71410.5,0.0
0,24500,GIFT_BASKET,71409,15,71408.0,24.0,N/A,N/A,71422,15,71423.0,24.0,N/A,N/A,71415.5,0.0
0,24600,GIFT_BASKET,71424,1,71423.0,19.0,71421.0,24.0,71435,1,71436.0,19.0,71437.0,24.0,71429.5,0.0
0,24700,GIFT_BASKET,71418,2,71417.0,13.0,71416.0,24.0,71429,2,71430.0,13.0,71431.0,24.0,71423.5,0.0
0,24800,GIFT_BASKET,71413,2,71412.0,20.0,71411.0,23.0,71424,2,71425.0,20.0,71426.0,23.0,71418.5,0.0
0,24900,GIFT_BASKET,71412,2,71411.0,20.0,71410.0,23.0,71423,2,71424.0,20.0,71425.0,23.0,71417.5,0.0
0,25000,GIFT_BASKET,71409,1,71407.0,16.0,71406.0,20.0,71420,1,71421.0,16.0,71422.0,20.0,71414.5,0.0
0,25100,GIFT_BASKET,71393,14,71392.0,30.0,N/A,N/A,71407,14,71408.0,30.0,N/A,N/A,71400.0,0.0
0,25200,GIFT_BASKET,71386,2,71385.0,20.0,71384.0,30.0,71397,2,71398.0,20.0,71399.0,30.0,71391.5,0.0
0,25300,GIFT_BASKET,71402,2,71401.0,12.0,71400.0,28.0,71413,2,71414.0,12.0,71415.0,28.0,71407.5,0.0
0,25400,GIFT_BASKET,71408,2,71407.0,13.0,71406.0,17.0,71419,2,71420.0,13.0,71421.0,17.0,71413.5,0.0
0,25500,GIFT_BASKET,71410,2,71409.0,19.0,71408.0,27.0,71421,2,71422.0,19.0,71423.0,27.0,71415.5,0.0
0,25600,GIFT_BASKET,71418,1,71417.0,16.0,71416.0,20.0,71423,7,71429.0,1.0,71430.0,16.0,71420.5,0.0
0,25700,GIFT_BASKET,71425,3,71414.0,1.0,71413.0,10.0,71426,10,71427.0,21.0,N/A,N/A,71425.5,0.0
0,25800,GIFT_BASKET,71414,1,71413.0,10.0,71411.0,26.0,71425,1,71426.0,10.0,71427.0,26.0,71419.5,0.0
0,25900,GIFT_BASKET,71402,12,71401.0,21.0,N/A,N/A,71415,12,71416.0,21.0,N/A,N/A,71408.5,0.0
0,26000,GIFT_BASKET,71405,20,71403.0,15.0,N/A,N/A,71418,20,71419.0,15.0,N/A,N/A,71411.5,0.0
0,26100,GIFT_BASKET,71428,14,71427.0,23.0,N/A,N/A,71441,14,71442.0,23.0,N/A,N/A,71434.5,0.0
0,26200,GIFT_BASKET,71427,1,71426.0,10.0,71425.0,27.0,71438,1,71439.0,10.0,71440.0,27.0,71432.5,0.0
0,26300,GIFT_BASKET,71433,13,71432.0,25.0,N/A,N/A,71446,13,71447.0,25.0,N/A,N/A,71439.5,0.0
0,26400,GIFT_BASKET,71430,12,71429.0,15.0,N/A,N/A,71443,12,71444.0,15.0,N/A,N/A,71436.5,0.0
0,26500,GIFT_BASKET,71431,1,71430.0,16.0,71429.0,25.0,71442,1,71443.0,16.0,71444.0,25.0,71436.5,0.0
0,26600,GIFT_BASKET,71436,1,71435.0,20.0,71434.0,19.0,71447,1,71448.0,20.0,71449.0,19.0,71441.5,0.0
0,26700,GIFT_BASKET,71428,15,71427.0,24.0,N/A,N/A,71441,15,71442.0,24.0,N/A,N/A,71434.5,0.0
0,26800,GIFT_BASKET,71436,20,71435.0,21.0,N/A,N/A,71449,20,71450.0,21.0,N/A,N/A,71442.5,0.0
0,26900,GIFT_BASKET,71433,11,71432.0,30.0,N/A,N/A,71446,11,71447.0,30.0,N/A,N/A,71439.5,0.0
0,27000,GIFT_BASKET,71427,1,71426.0,15.0,71425.0,26.0,71438,1,71439.0,15.0,71440.0,26.0,71432.5,0.0
0,27100,GIFT_BASKET,71424,2,71423.0,10.0,71422.0,17.0,71435,2,71436.0,10.0,71437.0,17.0,71429.5,0.0
0,27200,GIFT_BASKET,71412,2,71411.0,12.0,71410.0,19.0,71423,2,71424.0,12.0,71425.0,19.0,71417.5,0.0
0,27300,GIFT_BASKET,71416,2,71415.0,16.0,71414.0,19.0,71427,2,71428.0,16.0,71429.0,19.0,71421.5,0.0
0,27400,GIFT_BASKET,71413,1,71412.0,19.0,71411.0,21.0,71424,1,71425.0,19.0,71427.0,21.0,71418.5,0.0
0,27500,GIFT_BASKET,71400,2,71399.0,19.0,71398.0,15.0,71411,2,71412.0,19.0,71413.0,15.0,71405.5,0.0
0,27600,GIFT_BASKET,71400,1,71399.0,13.0,71398.0,15.0,71411,1,71412.0,13.0,71413.0,15.0,71405.5,0.0
0,27700,GIFT_BASKET,71401,11,71400.0,27.0,N/A,N/A,71402,4,71413.0,2.0,71414.0,11.0,71401.5,0.0
0,27800,GIFT_BASKET,71412,5,71406.0,14.0,71405.0,24.0,71419,14,71420.0,24.0,N/A,N/A,71415.5,0.0
0,27900,GIFT_BASKET,71403,1,71402.0,18.0,71401.0,21.0,71414,1,71415.0,18.0,71416.0,21.0,71408.5,0.0
0,28000,GIFT_BASKET,71386,15,71385.0,28.0,N/A,N/A,71399,15,71400.0,28.0,N/A,N/A,71392.5,0.0
0,28100,GIFT_BASKET,71385,10,71384.0,23.0,N/A,N/A,71398,10,71399.0,23.0,N/A,N/A,71391.5,0.0
0,28200,GIFT_BASKET,71382,1,71381.0,13.0,71380.0,27.0,71393,1,71394.0,13.0,71395.0,27.0,71387.5,0.0
0,28300,GIFT_BASKET,71376,1,71375.0,17.0,71374.0,23.0,71387,1,71388.0,17.0,71390.0,23.0,71381.5,0.0
0,28400,GIFT_BASKET,71384,13,71383.0,27.0,N/A,N/A,71398,13,71399.0,27.0,N/A,N/A,71391.0,0.0
0,28500,GIFT_BASKET,71370,1,71369.0,17.0,71367.0,27.0,71381,1,71382.0,17.0,71383.0,27.0,71375.5,0.0
0,28600,GIFT_BASKET,71366,2,71365.0,16.0,71364.0,17.0,71377,2,71378.0,16.0,71379.0,17.0,71371.5,0.0
0,28700,GIFT_BASKET,71373,1,71372.0,11.0,71371.0,27.0,71384,1,71385.0,11.0,71387.0,27.0,71378.5,0.0
0,28800,GIFT_BASKET,71381,2,71380.0,20.0,71379.0,15.0,71392,2,71393.0,20.0,71394.0,15.0,71386.5,0.0
0,28900,GIFT_BASKET,71381,14,71379.0,29.0,N/A,N/A,71394,14,71395.0,29.0,N/A,N/A,71387.5,0.0
0,29000,GIFT_BASKET,71375,15,71374.0,21.0,N/A,N/A,71388,15,71389.0,21.0,N/A,N/A,71381.5,0.0
0,29100,GIFT_BASKET,71364,2,71363.0,10.0,71362.0,16.0,71375,2,71376.0,10.0,71377.0,16.0,71369.5,0.0
0,29200,GIFT_BASKET,71368,18,71367.0,15.0,N/A,N/A,71381,18,71382.0,15.0,N/A,N/A,71374.5,0.0
0,29300,GIFT_BASKET,71379,7,71368.0,19.0,71366.0,15.0,71381,19,71382.0,15.0,N/A,N/A,71380.0,0.0
0,29400,GIFT_BASKET,71378,1,71377.0,11.0,71376.0,22.0,71389,1,71390.0,11.0,71391.0,22.0,71383.5,0.0
0,29500,GIFT_BASKET,71388,2,71387.0,20.0,71385.0,15.0,71399,2,71400.0,20.0,71401.0,15.0,71393.5,0.0
0,29600,GIFT_BASKET,71386,18,71385.0,15.0,N/A,N/A,71399,18,71400.0,15.0,N/A,N/A,71392.5,0.0
0,29700,GIFT_BASKET,71387,1,71386.0,18.0,71385.0,16.0,71398,1,71399.0,18.0,71400.0,16.0,71392.5,0.0
0,29800,GIFT_BASKET,71386,1,71385.0,17.0,71384.0,22.0,71391,4,71397.0,1.0,71398.0,17.0,71388.5,0.0
0,29900,GIFT_BASKET,71391,1,71390.0,16.0,71389.0,16.0,71402,1,71403.0,16.0,71404.0,16.0,71396.5,0.0
0,30000,GIFT_BASKET,71387,1,71386.0,17.0,71385.0,17.0,71398,1,71399.0,17.0,71401.0,17.0,71392.5,0.0
0,30100,GIFT_BASKET,71389,19,71388.0,30.0,N/A,N/A,71402,19,71403.0,30.0,N/A,N/A,71395.5,0.0
0,30200,GIFT_BASKET,71400,2,71399.0,16.0,71397.0,30.0,71411,2,71412.0,16.0,71413.0,30.0,71405.5,0.0
0,30300,GIFT_BASKET,71396,2,71395.0,12.0,71394.0,15.0,71407,2,71408.0,12.0,71410.0,15.0,71401.5,0.0
0,30400,GIFT_BASKET,71389,2,71388.0,20.0,71387.0,25.0,71400,2,71401.0,20.0,71402.0,25.0,71394.5,0.0
0,30500,GIFT_BASKET,71394,1,71393.0,12.0,71392.0,16.0,71399,1,71405.0,1.0,71406.0,12.0,71396.5,0.0
0,30600,GIFT_BASKET,71398,10,71397.0,21.0,N/A,N/A,71411,10,71412.0,21.0,N/A,N/A,71404.5,0.0
0,30700,GIFT_BASKET,71409,2,71404.0,1.0,71403.0,12.0,71415,1,71417.0,12.0,71418.0,15.0,71412.0,0.0
0,30800,GIFT_BASKET,71407,17,71406.0,15.0,N/A,N/A,71420,17,71422.0,15.0,N/A,N/A,71413.5,0.0
0,30900,GIFT_BASKET,71420,18,71419.0,18.0,N/A,N/A,71433,18,71434.0,18.0,N/A,N/A,71426.5,0.0
0,31000,GIFT_BASKET,71417,10,71416.0,17.0,N/A,N/A,71430,10,71431.0,17.0,N/A,N/A,71423.5,0.0
0,31100,GIFT_BASKET,71426,1,71425.0,11.0,71424.0,30.0,71437,1,71438.0,11.0,71439.0,30.0,71431.5,0.0
0,31200,GIFT_BASKET,71442,2,71441.0,13.0,71440.0,25.0,71453,2,71454.0,13.0,71455.0,25.0,71447.5,0.0
0,31300,GIFT_BASKET,71435,15,71434.0,16.0,N/A,N/A,71449,15,71450.0,16.0,N/A,N/A,71442.0,0.0
0,31400,GIFT_BASKET,71442,2,71441.0,12.0,71440.0,28.0,71453,2,71454.0,12.0,71455.0,28.0,71447.5,0.0
0,31500,GIFT_BASKET,71440,11,71439.0,25.0,N/A,N/A,71453,11,71454.0,25.0,N/A,N/A,71446.5,0.0
0,31600,GIFT_BASKET,71433,2,71432.0,20.0,71431.0,25.0,71444,2,71445.0,20.0,71446.0,25.0,71438.5,0.0
0,31700,GIFT_BASKET,71422,17,71421.0,23.0,N/A,N/A,71436,17,71437.0,23.0,N/A,N/A,71429.0,0.0
0,31800,GIFT_BASKET,71422,4,71410.0,10.0,71409.0,27.0,71423,10,71424.0,27.0,N/A,N/A,71422.5,0.0
0,31900,GIFT_BASKET,71419,2,71418.0,20.0,71417.0,17.0,71430,2,71431.0,20.0,71432.0,17.0,71424.5,0.0
0,32000,GIFT_BASKET,71424,1,71423.0,20.0,71422.0,19.0,71435,1,71436.0,20.0,71437.0,19.0,71429.5,0.0
0,32100,GIFT_BASKET,71408,1,71407.0,15.0,71406.0,24.0,71419,1,71420.0,15.0,71421.0,24.0,71413.5,0.0
0,32200,GIFT_BASKET,71422,1,71421.0,11.0,71420.0,28.0,71433,1,71435.0,11.0,71436.0,28.0,71427.5,0.0
0,32300,GIFT_BASKET,71426,1,71425.0,18.0,71424.0,15.0,71437,1,71438.0,18.0,71439.0,15.0,71431.5,0.0
0,32400,GIFT_BASKET,71423,2,71422.0,16.0,71421.0,18.0,71434,2,71435.0,16.0,71436.0,18.0,71428.5,0.0
0,32500,GIFT_BASKET,71416,2,71415.0,15.0,71414.0,15.0,71427,2,71428.0,15.0,71429.0,15.0,71421.5,0.0
0,32600,GIFT_BASKET,71413,14,71412.0,15.0,N/A,N/A,71426,14,71427.0,15.0,N/A,N/A,71419.5,0.0
0,32700,GIFT_BASKET,71405,1,71404.0,12.0,71403.0,21.0,71410,2,71416.0,1.0,71417.0,12.0,71407.5,0.0
0,32800,GIFT_BASKET,71399,19,71398.0,27.0,N/A,N/A,71412,19,71413.0,27.0,N/A,N/A,71405.5,0.0
0,32900,GIFT_BASKET,71398,4,71393.0,1.0,71392.0,20.0,71404,1,71405.0,20.0,71406.0,20.0,71401.0,0.0
0,33000,GIFT_BASKET,71397,1,71396.0,16.0,71395.0,23.0,71402,3,71408.0,1.0,71410.0,16.0,71399.5,0.0
0,33100,GIFT_BASKET,71399,16,71398.0,22.0,N/A,N/A,71413,16,71414.0,22.0,N/A,N/A,71406.0,0.0
0,33200,GIFT_BASKET,71390,20,71389.0,18.0,N/A,N/A,71403,20,71404.0,18.0,N/A,N/A,71396.5,0.0
0,33300,GIFT_BASKET,71383,2,71381.0,14.0,71380.0,16.0,71393,2,71395.0,14.0,71396.0,16.0,71388.0,0.0
0,33400,GIFT_BASKET,71377,19,71376.0,17.0,N/A,N/A,71391,19,71392.0,17.0,N/A,N/A,71384.0,0.0
0,33500,GIFT_BASKET,71375,17,71373.0,23.0,N/A,N/A,71388,17,71389.0,23.0,N/A,N/A,71381.5,0.0
0,33600,GIFT_BASKET,71374,18,71372.0,29.0,N/A,N/A,71387,18,71388.0,29.0,N/A,N/A,71380.5,0.0
0,33700,GIFT_BASKET,71384,1,71383.0,13.0,71382.0,19.0,71395,1,71396.0,13.0,71397.0,19.0,71389.5,0.0
0,33800,GIFT_BASKET,71359,13,71358.0,21.0,N/A,N/A,71372,13,71373.0,21.0,N/A,N/A,71365.5,0.0
0,33900,GIFT_BASKET,71376,13,71375.0,22.0,N/A,N/A,71389,13,71390.0,22.0,N/A,N/A,71382.5,0.0
0,34000,GIFT_BASKET,71385,1,71384.0,16.0,71383.0,23.0,71396,1,71397.0,16.0,71398.0,23.0,71390.5,0.0
0,34100,GIFT_BASKET,71392,3,71387.0,1.0,71386.0,12.0,71398,1,71399.0,12.0,71400.0,20.0,71395.0,0.0
0,34200,GIFT_BASKET,71374,1,71373.0,12.0,71372.0,27.0,71379,2,71385.0,1.0,71386.0,12.0,71376.5,0.0
0,34300,GIFT_BASKET,71375,2,71373.0,11.0,71372.0,26.0,71385,2,71387.0,11.0,71388.0,26.0,71380.0,0.0
0,34400,GIFT_BASKET,71391,2,71390.0,12.0,71389.0,22.0,71402,2,71404.0,12.0,71405.0,22.0,71396.5,0.0
0,34500,GIFT_BASKET,71384,12,71383.0,24.0,N/A,N/A,71397,12,71398.0,24.0,N/A,N/A,71390.5,0.0
0,34600,GIFT_BASKET,71381,10,71380.0,16.0,N/A,N/A,71395,10,71396.0,16.0,N/A,N/A,71388.0,0.0
0,34700,GIFT_BASKET,71398,20,71397.0,28.0,N/A,N/A,71411,20,71412.0,28.0,N/A,N/A,71404.5,0.0
0,34800,GIFT_BASKET,71400,18,71399.0,15.0,N/A,N/A,71413,18,71414.0,15.0,N/A,N/A,71406.5,0.0
0,34900,GIFT_BASKET,71401,2,71400.0,19.0,71398.0,24.0,71412,2,71413.0,19.0,71414.0,24.0,71406.5,0.0
0,35000,GIFT_BASKET,71392,2,71390.0,17.0,71389.0,25.0,71403,2,71404.0,17.0,71405.0,25.0,71397.5,0.0
0,35100,GIFT_BASKET,71382,1,71380.0,10.0,71379.0,21.0,71393,1,71394.0,10.0,71395.0,21.0,71387.5,0.0
0,35200,GIFT_BASKET,71364,13,71363.0,24.0,N/A,N/A,71377,13,71378.0,24.0,N/A,N/A,71370.5,0.0
0,35300,GIFT_BASKET,71370,13,71369.0,29.0,N/A,N/A,71383,13,71384.0,29.0,N/A,N/A,71376.5,0.0
0,35400,GIFT_BASKET,71372,17,71371.0,23.0,N/A,N/A,71385,17,71386.0,23.0,N/A,N/A,71378.5,0.0
0,35500,GIFT_BASKET,71382,18,71381.0,24.0,N/A,N/A,71395,18,71396.0,24.0,N/A,N/A,71388.5,0.0
0,35600,GIFT_BASKET,71388,1,71387.0,11.0,71386.0,15.0,71399,1,71400.0,11.0,71402.0,15.0,71393.5,0.0
0,35700,GIFT_BASKET,71388,1,71387.0,12.0,71386.0,29.0,71399,1,71400.0,12.0,71401.0,29.0,71393.5,0.0
0,35800,GIFT_BASKET,71393,2,71392.0,19.0,71391.0,29.0,71404,2,71405.0,19.0,71406.0,29.0,71398.5,0.0
0,35900,GIFT_BASKET,71402,1,71401.0,20.0,71400.0,18.0,71413,1,71414.0,20.0,71415.0,18.0,71407.5,0.0
0,36000,GIFT_BASKET,71403,8,71397.0,17.0,71396.0,26.0,71410,17,71411.0,26.0,N/A,N/A,71406.5,0.0
0,36100,GIFT_BASKET,71408,14,71407.0,27.0,N/A,N/A,71421,14,71422.0,27.0,N/A,N/A,71414.5,0.0
0,36200,GIFT_BASKET,71419,1,71418.0,17.0,71417.0,15.0,71430,1,71432.0,17.0,71433.0,15.0,71424.5,0.0
0,36300,GIFT_BASKET,71417,14,71416.0,16.0,N/A,N/A,71430,14,71431.0,16.0,N/A,N/A,71423.5,0.0
0,36400,GIFT_BASKET,71418,1,71417.0,15.0,71416.0,15.0,71429,1,71430.0,15.0,71431.0,15.0,71423.5,0.0
0,36500,GIFT_BASKET,71415,1,71414.0,14.0,71413.0,27.0,71426,1,71427.0,14.0,71428.0,27.0,71420.5,0.0
0,36600,GIFT_BASKET,71404,14,71403.0,27.0,N/A,N/A,71410,4,71417.0,14.0,71418.0,27.0,71407.0,0.0
0,36700,GIFT_BASKET,71396,16,71394.0,17.0,N/A,N/A,71409,16,71410.0,17.0,N/A,N/A,71402.5,0.0
0,36800,GIFT_BASKET,71384,1,71383.0,17.0,71382.0,22.0,71395,1,71396.0,17.0,71397.0,22.0,71389.5,0.0
0,36900,GIFT_BASKET,71379,2,71378.0,12.0,71377.0,20.0,71390,2,71391.0,12.0,71392.0,20.0,71384.5,0.0
0,37000,GIFT_BASKET,71385,14,71384.0,29.0,N/A,N/A,71398,14,71399.0,29.0,N/A,N/A,71391.5,0.0
0,37100,GIFT_BASKET,71388,1,71387.0,14.0,71386.0,27.0,71399,1,71400.0,14.0,71401.0,27.0,71393.5,0.0
0,37200,GIFT_BASKET,71387,10,71386.0,28.0,N/A,N/A,71400,10,71401.0,28.0,N/A,N/A,71393.5,0.0
0,37300,GIFT_BASKET,71388,12,71387.0,25.0,N/A,N/A,71401,12,71402.0,25.0,N/A,N/A,71394.5,0.0
0,37400,GIFT_BASKET,71383,1,71382.0,14.0,71381.0,30.0,71394,1,71396.0,14.0,71397.0,30.0,71388.5,0.0
0,37500,GIFT_BASKET,71381,12,71380.0,19.0,N/A,N/A,71394,12,71395.0,19.0,N/A,N/A,71387.5,0.0
0,37600,GIFT_BASKET,71386,2,71385.0,19.0,71384.0,26.0,71391,3,71397.0,2.0,71398.0,19.0,71388.5,0.0
0,37700,GIFT_BASKET,71398,1,71397.0,20.0,71396.0,26.0,71409,1,71411.0,20.0,71412.0,26.0,71403.5,0.0
0,37800,GIFT_BASKET,71396,2,71395.0,20.0,71394.0,29.0,71407,2,71408.0,20.0,71409.0,29.0,71401.5,0.0
0,37900,GIFT_BASKET,71409,2,71408.0,10.0,71407.0,23.0,71420,2,71421.0,10.0,71422.0,23.0,71414.5,0.0
0,38000,GIFT_BASKET,71416,4,71410.0,15.0,71408.0,21.0,71423,15,71424.0,21.0,N/A,N/A,71419.5,0.0
0,38100,GIFT_BASKET,71404,20,71403.0,22.0,N/A,N/A,71410,1,71417.0,20.0,71418.0,22.0,71407.0,0.0
0,38200,GIFT_BASKET,71403,20,71402.0,18.0,N/A,N/A,71416,20,71417.0,18.0,N/A,N/A,71409.5,0.0
0,38300,GIFT_BASKET,71413,1,71412.0,19.0,71411.0,15.0,71424,1,71425.0,19.0,71426.0,15.0,71418.5,0.0
0,38400,GIFT_BASKET,71411,10,71410.0,23.0,N/A,N/A,71425,10,71426.0,23.0,N/A,N/A,71418.0,0.0
0,38500,GIFT_BASKET,71415,6,71410.0,2.0,71408.0,17.0,71421,2,71422.0,17.0,71423.0,20.0,71418.0,0.0
0,38600,GIFT_BASKET,71407,13,71406.0,15.0,N/A,N/A,71420,13,71421.0,15.0,N/A,N/A,71413.5,0.0
0,38700,GIFT_BASKET,71417,1,71416.0,20.0,71415.0,20.0,71422,2,71428.0,1.0,71429.0,20.0,71419.5,0.0
0,38800,GIFT_BASKET,71421,5,71415.0,14.0,71414.0,15.0,71428,14,71429.0,15.0,N/A,N/A,71424.5,0.0
0,38900,GIFT_BASKET,71425,7,71420.0,1.0,71419.0,20.0,71431,1,71432.0,20.0,71433.0,19.0,71428.0,0.0
0,39000,GIFT_BASKET,71420,10,71419.0,23.0,N/A,N/A,71433,10,71434.0,23.0,N/A,N/A,71426.5,0.0
0,39100,GIFT_BASKET,71413,1,71412.0,19.0,71411.0,16.0,71424,1,71425.0,19.0,71426.0,16.0,71418.5,0.0
0,39200,GIFT_BASKET,71417,19,71416.0,21.0,N/A,N/A,71431,19,71432.0,21.0,N/A,N/A,71424.0,0.0
0,39300,GIFT_BASKET,71421,1,71420.0,13.0,71419.0,16.0,71432,1,71433.0,13.0,71435.0,16.0,71426.5,0.0
0,39400,GIFT_BASKET,71417,2,71416.0,16.0,71415.0,20.0,71428,2,71429.0,16.0,71430.0,20.0,71422.5,0.0
0,39500,GIFT_BASKET,71413,2,71412.0,11.0,71411.0,23.0,71424,2,71425.0,11.0,71426.0,23.0,71418.5,0.0
0,39600,GIFT_BASKET,71410,11,71409.0,17.0,N/A,N/A,71411,4,71424.0,11.0,71425.0,17.0,71410.5,0.0
0,39700,GIFT_BASKET,71413,10,71412.0,23.0,N/A,N/A,71426,10,71427.0,23.0,N/A,N/A,71419.5,0.0
0,39800,GIFT_BASKET,71417,1,71416.0,11.0,71415.0,21.0,71428,1,71429.0,11.0,71430.0,21.0,71422.5,0.0
0,39900,GIFT_BASKET,71415,2,71414.0,20.0,71413.0,20.0,71426,2,71427.0,20.0,71428.0,20.0,71420.5,0.0
0,40000,GIFT_BASKET,71410,2,71400.0,1.0,71399.0,13.0,71411,1,71412.0,13.0,71413.0,29.0,71410.5,0.0
0,40100,GIFT_BASKET,71418,16,71417.0,27.0,N/A,N/A,71432,16,71433.0,27.0,N/A,N/A,71425.0,0.0
0,40200,GIFT_BASKET,71420,1,71419.0,14.0,71418.0,21.0,71431,1,71432.0,14.0,71434.0,21.0,71425.5,0.0
0,40300,GIFT_BASKET,71420,8,71415.0,1.0,71414.0,16.0,71426,1,71427.0,16.0,71428.0,24.0,71423.0,0.0
0,40400,GIFT_BASKET,71432,1,71431.0,15.0,71430.0,24.0,71443,1,71444.0,15.0,71445.0,24.0,71437.5,0.0
0,40500,GIFT_BASKET,71430,17,71429.0,26.0,N/A,N/A,71443,17,71444.0,26.0,N/A,N/A,71436.5,0.0
0,40600,GIFT_BASKET,71419,2,71418.0,19.0,71416.0,18.0,71430,2,71431.0,19.0,71432.0,18.0,71424.5,0.0
0,40700,GIFT_BASKET,71420,2,71419.0,19.0,71418.0,15.0,71431,2,71432.0,19.0,71433.0,15.0,71425.5,0.0
0,40800,GIFT_BASKET,71413,15,71412.0,29.0,N/A,N/A,71426,15,71427.0,29.0,N/A,N/A,71419.5,0.0
0,40900,GIFT_BASKET,71418,13,71417.0,27.0,N/A,N/A,71431,13,71432.0,27.0,N/A,N/A,71424.5,0.0
0,41000,GIFT_BASKET,71396,18,71395.0,29.0,N/A,N/A,71409,18,71410.0,29.0,N/A,N/A,71402.5,0.0
0,41100,GIFT_BASKET,71397,1,71396.0,18.0,71395.0,20.0,71408,1,71409.0,18.0,71410.0,20.0,71402.5,0.0
0,41200,GIFT_BASKET,71401,1,71400.0,13.0,71399.0,20.0,71412,1,71413.0,13.0,71414.0,20.0,71406.5,0.0
0,41300,GIFT_BASKET,71412,1,71411.0,11.0,71410.0,26.0,71423,1,71424.0,11.0,71425.0,26.0,71417.5,0.0
0,41400,GIFT_BASKET,71419,15,71418.0,29.0,N/A,N/A,71432,15,71433.0,29.0,N/A,N/A,71425.5,0.0
0,41500,GIFT_BASKET,71429,16,71428.0,22.0,N/A,N/A,71442,16,71443.0,22.0,N/A,N/A,71435.5,0.0
0,41600,GIFT_BASKET,71429,1,71428.0,14.0,71426.0,24.0,71440,1,71441.0,14.0,71442.0,24.0,71434.5,0.0
0,41700,GIFT_BASKET,71435,15,71434.0,22.0,N/A,N/A,71448,15,71449.0,22.0,N/A,N/A,71441.5,0.0
0,41800,GIFT_BASKET,71432,2,71431.0,15.0,71430.0,26.0,71443,2,71444.0,15.0,71445.0,26.0,71437.5,0.0
0,41900,GIFT_BASKET,71446,2,71445.0,14.0,71444.0,27.0,71457,2,71458.0,14.0,71459.0,27.0,71451.5,0.0
0,42000,GIFT_BASKET,71452,2,71451.0,12.0,71450.0,25.0,71463,2,71464.0,12.0,71465.0,25.0,71457.5,0.0
0,42100,GIFT_BASKET,71453,14,71452.0,25.0,N/A,N/A,71467,14,71468.0,25.0,N/A,N/A,71460.0,0.0
0,42200,GIFT_BASKET,71443,10,71442.0,23.0,N/A,N/A,71456,10,71457.0,23.0,N/A,N/A,71449.5,0.0
0,42300,GIFT_BASKET,71436,19,71434.0,21.0,N/A,N/A,71449,19,71450.0,21.0,N/A,N/A,71442.5,0.0
0,42400,GIFT_BASKET,71432,1,71431.0,14.0,71430.0,20.0,71443,1,71444.0,14.0,71445.0,20.0,71437.5,0.0
0,42500,GIFT_BASKET,71437,2,71436.0,10.0,71435.0,24.0,71448,2,71449.0,10.0,71450.0,24.0,71442.5,0.0
0,42600,GIFT_BASKET,71440,12,71439.0,16.0,N/A,N/A,71454,12,71455.0,16.0,N/A,N/A,71447.0,0.0
0,42700,GIFT_BASKET,71447,2,71446.0,10.0,71445.0,19.0,71458,2,71459.0,10.0,71460.0,19.0,71452.5,0.0
0,42800,GIFT_BASKET,71441,13,71440.0,16.0,N/A,N/A,71454,13,71455.0,16.0,N/A,N/A,71447.5,0.0
0,42900,GIFT_BASKET,71437,19,71436.0,28.0,N/A,N/A,71450,19,71451.0,28.0,N/A,N/A,71443.5,0.0
0,43000,GIFT_BASKET,71427,1,71426.0,15.0,71424.0,21.0,71438,1,71439.0,15.0,71440.0,21.0,71432.5,0.0
0,43100,GIFT_BASKET,71424,2,71423.0,13.0,71422.0,25.0,71435,2,71436.0,13.0,71437.0,25.0,71429.5,0.0
0,43200,GIFT_BASKET,71415,1,71414.0,13.0,71413.0,26.0,71426,1,71427.0,13.0,71428.0,26.0,71420.5,0.0
0,43300,GIFT_BASKET,71411,17,71410.0,17.0,N/A,N/A,71424,17,71425.0,17.0,N/A,N/A,71417.5,0.0
0,43400,GIFT_BASKET,71421,2,71420.0,10.0,71419.0,21.0,71432,2,71434.0,10.0,71435.0,21.0,71426.5,0.0
0,43500,GIFT_BASKET,71420,1,71419.0,14.0,71418.0,19.0,71431,1,71432.0,14.0,71433.0,19.0,71425.5,0.0
0,43600,GIFT_BASKET,71409,10,71408.0,19.0,N/A,N/A,71415,8,71422.0,10.0,71423.0,19.0,71412.0,0.0
0,43700,GIFT_BASKET,71419,2,71418.0,13.0,71417.0,30.0,71430,2,71431.0,13.0,71432.0,30.0,71424.5,0.0
0,43800,GIFT_BASKET,71422,18,71421.0,16.0,N/A,N/A,71435,18,71436.0,16.0,N/A,N/A,71428.5,0.0
0,43900,GIFT_BASKET,71411,14,71410.0,23.0,N/A,N/A,71424,14,71425.0,23.0,N/A,N/A,71417.5,0.0
0,44000,GIFT_BASKET,71410,1,71409.0,15.0,71407.0,25.0,71421,1,71422.0,15.0,71423.0,25.0,71415.5,0.0
0,44100,GIFT_BASKET,71413,2,71412.0,20.0,71411.0,21.0,71424,2,71425.0,20.0,71427.0,21.0,71418.5,0.0
0,44200,GIFT_BASKET,71416,2,71415.0,11.0,71414.0,22.0,71427,2,71428.0,11.0,71429.0,22.0,71421.5,0.0
0,44300,GIFT_BASKET,71418,1,71417.0,10.0,71416.0,25.0,71429,1,71430.0,10.0,71431.0,25.0,71423.5,0.0
0,44400,GIFT_BASKET,71414,1,71413.0,19.0,71412.0,20.0,71425,1,71426.0,19.0,71427.0,20.0,71419.5,0.0
0,44500,GIFT_BASKET,71418,1,71416.0,11.0,71415.0,27.0,71429,1,71430.0,11.0,71431.0,27.0,71423.5,0.0
0,44600,GIFT_BASKET,71429,12,71428.0,20.0,N/A,N/A,71442,12,71443.0,20.0,N/A,N/A,71435.5,0.0
0,44700,GIFT_BASKET,71429,1,71427.0,20.0,71426.0,19.0,71440,1,71441.0,20.0,71442.0,19.0,71434.5,0.0
0,44800,GIFT_BASKET,71426,2,71425.0,16.0,71424.0,18.0,71437,2,71439.0,16.0,71440.0,18.0,71431.5,0.0
0,44900,GIFT_BASKET,71426,14,71425.0,26.0,N/A,N/A,71439,14,71440.0,26.0,N/A,N/A,71432.5,0.0
0,45000,GIFT_BASKET,71422,17,71421.0,17.0,N/A,N/A,71434,1,71435.0,18.0,71436.0,17.0,71428.0,0.0
0,45100,GIFT_BASKET,71417,2,71416.0,20.0,71415.0,21.0,71428,2,71429.0,20.0,71430.0,21.0,71422.5,0.0
0,45200,GIFT_BASKET,71432,19,71431.0,23.0,N/A,N/A,71445,19,71446.0,23.0,N/A,N/A,71438.5,0.0
0,45300,GIFT_BASKET,71423,1,71422.0,10.0,71420.0,21.0,71428,1,71434.0,1.0,71435.0,10.0,71425.5,0.0
0,45400,GIFT_BASKET,71423,1,71422.0,20.0,71421.0,20.0,71434,1,71435.0,20.0,71437.0,20.0,71428.5,0.0
0,45500,GIFT_BASKET,71431,1,71430.0,15.0,71429.0,26.0,71442,1,71443.0,15.0,71444.0,26.0,71436.5,0.0
0,45600,GIFT_BASKET,71450,1,71449.0,17.0,71448.0,29.0,71461,1,71462.0,17.0,71464.0,29.0,71455.5,0.0
0,45700,GIFT_BASKET,71445,20,71444.0,29.0,N/A,N/A,71458,20,71459.0,29.0,N/A,N/A,71451.5,0.0
0,45800,GIFT_BASKET,71458,2,71457.0,11.0,71456.0,25.0,71469,2,71470.0,11.0,71471.0,25.0,71463.5,0.0
0,45900,GIFT_BASKET,71465,1,71464.0,14.0,71463.0,28.0,71476,1,71477.0,14.0,71478.0,28.0,71470.5,0.0
0,46000,GIFT_BASKET,71471,2,71470.0,18.0,71469.0,19.0,71482,2,71483.0,18.0,71484.0,19.0,71476.5,0.0
0,46100,GIFT_BASKET,71483,2,71482.0,13.0,71481.0,19.0,71494,2,71495.0,13.0,71496.0,19.0,71488.5,0.0
0,46200,GIFT_BASKET,71489,5,71478.0,16.0,71477.0,20.0,71491,16,71492.0,20.0,N/A,N/A,71490.0,0.0
0,46300,GIFT_BASKET,71485,5,71475.0,1.0,71473.0,18.0,71486,1,71487.0,18.0,71488.0,25.0,71485.5,0.0
0,46400,GIFT_BASKET,71476,14,71475.0,20.0,N/A,N/A,71489,14,71490.0,20.0,N/A,N/A,71482.5,0.0
0,46500,GIFT_BASKET,71485,2,71484.0,12.0,71483.0,29.0,71496,2,71497.0,12.0,71498.0,29.0,71490.5,0.0
0,46600,GIFT_BASKET,71482,2,71480.0,16.0,71479.0,22.0,71493,2,71494.0,16.0,71495.0,22.0,71487.5,0.0
0,46700,GIFT_BASKET,71479,1,71477.0,16.0,71476.0,21.0,71490,1,71491.0,16.0,71492.0,21.0,71484.5,0.0
0,46800,GIFT_BASKET,71480,1,71479.0,20.0,71478.0,21.0,71491,1,71492.0,20.0,71493.0,21.0,71485.5,0.0
0,46900,GIFT_BASKET,71469,2,71468.0,16.0,71467.0,29.0,71480,2,71481.0,16.0,71482.0,29.0,71474.5,0.0
0,47000,GIFT_BASKET,71471,18,71470.0,30.0,N/A,N/A,71484,18,71485.0,30.0,N/A,N/A,71477.5,0.0
0,47100,GIFT_BASKET,71471,18,71470.0,19.0,N/A,N/A,71484,18,71485.0,19.0,N/A,N/A,71477.5,0.0
0,47200,GIFT_BASKET,71459,19,71458.0,19.0,N/A,N/A,71472,19,71473.0,19.0,N/A,N/A,71465.5,0.0
0,47300,GIFT_BASKET,71439,11,71438.0,15.0,N/A,N/A,71452,11,71453.0,15.0,N/A,N/A,71445.5,0.0
0,47400,GIFT_BASKET,71443,2,71442.0,13.0,71441.0,18.0,71454,2,71455.0,13.0,71456.0,18.0,71448.5,0.0
0,47500,GIFT_BASKET,71439,19,71438.0,15.0,N/A,N/A,71453,19,71454.0,15.0,N/A,N/A,71446.0,0.0
0,47600,GIFT_BASKET,71433,15,71432.0,28.0,N/A,N/A,71446,15,71448.0,28.0,N/A,N/A,71439.5,0.0
0,47700,GIFT_BASKET,71421,1,71420.0,14.0,71419.0,17.0,71432,1,71433.0,14.0,71434.0,17.0,71426.5,0.0
0,47800,GIFT_BASKET,71414,11,71413.0,30.0,N/A,N/A,71427,11,71428.0,30.0,N/A,N/A,71420.5,0.0
0,47900,GIFT_BASKET,71421,11,71420.0,30.0,N/A,N/A,71434,11,71435.0,30.0,N/A,N/A,71427.5,0.0
0,48000,GIFT_BASKET,71422,2,71421.0,18.0,71420.0,30.0,71433,2,71434.0,18.0,71435.0,30.0,71427.5,0.0
0,48100,GIFT_BASKET,71418,12,71417.0,24.0,N/A,N/A,71424,2,71431.0,12.0,71433.0,24.0,71421.0,0.0
0,48200,GIFT_BASKET,71430,1,71429.0,17.0,71428.0,28.0,71441,1,71442.0,17.0,71443.0,28.0,71435.5,0.0
0,48300,GIFT_BASKET,71434,15,71432.0,26.0,N/A,N/A,71447,15,71448.0,26.0,N/A,N/A,71440.5,0.0
0,48400,GIFT_BASKET,71438,10,71437.0,30.0,N/A,N/A,71451,10,71452.0,30.0,N/A,N/A,71444.5,0.0
0,48500,GIFT_BASKET,71459,6,71452.0,16.0,71451.0,17.0,71466,16,71467.0,17.0,N/A,N/A,71462.5,0.0
0,48600,GIFT_BASKET,71448,2,71447.0,12.0,71446.0,22.0,71459,2,71460.0,12.0,71461.0,22.0,71453.5,0.0
0,48700,GIFT_BASKET,71443,11,71442.0,22.0,N/A,N/A,71456,11,71457.0,22.0,N/A,N/A,71449.5,0.0
0,48800,GIFT_BASKET,71444,2,71443.0,10.0,71442.0,27.0,71455,2,71456.0,10.0,71457.0,27.0,71449.5,0.0
0,48900,GIFT_BASKET,71436,1,71435.0,14.0,71434.0,22.0,71447,1,71448.0,14.0,71449.0,22.0,71441.5,0.0
0,49000,GIFT_BASKET,71424,11,71423.0,25.0,N/A,N/A,71438,11,71439.0,25.0,N/A,N/A,71431.0,0.0
0,49100,GIFT_BASKET,71421,5,71415.0,15.0,71414.0,25.0,71428,15,71430.0,25.0,N/A,N/A,71424.5,0.0
0,49200,GIFT_BASKET,71422,2,71421.0,16.0,71420.0,18.0,71433,2,71434.0,16.0,71435.0,18.0,71427.5,0.0
0,49300,GIFT_BASKET,71417,16,71415.0,19.0,N/A,N/A,71430,16,71431.0,19.0,N/A,N/A,71423.5,0.0
0,49400,GIFT_BASKET,71408,1,71407.0,13.0,71406.0,27.0,71419,1,71420.0,13.0,71421.0,27.0,71413.5,0.0
0,49500,GIFT_BASKET,71406,10,71405.0,25.0,N/A,N/A,71420,10,71421.0,25.0,N/A,N/A,71413.0,0.0
0,49600,GIFT_BASKET,71402,20,71401.0,19.0,N/A,N/A,71415,20,71416.0,19.0,N/A,N/A,71408.5,0.0
0,49700,GIFT_BASKET,71409,4,71404.0,2.0,71403.0,16.0,71415,2,71416.0,16.0,71418.0,24.0,71412.0,0.0
0,49800,GIFT_BASKET,71409,1,71408.0,17.0,71406.0,30.0,71420,1,71421.0,17.0,71422.0,30.0,71414.5,0.0
0,49900,GIFT_BASKET,71409,2,71407.0,13.0,71406.0,22.0,71420,2,71421.0,13.0,71422.0,22.0,71414.5,0.0
0,50000,GIFT_BASKET,71409,1,71408.0,12.0,71407.0,20.0,71420,1,71421.0,12.0,71422.0,20.0,71414.5,0.0
0,50100,GIFT_BASKET,71420,2,71419.0,19.0,71418.0,15.0,71431,2,71432.0,19.0,71434.0,15.0,71425.5,0.0
0,50200,GIFT_BASKET,71409,2,71408.0,10.0,71407.0,21.0,71420,2,71421.0,10.0,71422.0,21.0,71414.5,0.0
0,50300,GIFT_BASKET,71398,1,71397.0,12.0,71396.0,26.0,71409,1,71410.0,12.0,71411.0,26.0,71403.5,0.0
0,50400,GIFT_BASKET,71404,1,71403.0,16.0,71402.0,22.0,71415,1,71416.0,16.0,71417.0,22.0,71409.5,0.0
0,50500,GIFT_BASKET,71407,1,71406.0,19.0,71405.0,17.0,71418,1,71419.0,19.0,71420.0,17.0,71412.5,0.0
0,50600,GIFT_BASKET,71403,1,71402.0,12.0,71401.0,23.0,71414,1,71415.0,12.0,71416.0,23.0,71408.5,0.0
0,50700,GIFT_BASKET,71390,15,71389.0,30.0,N/A,N/A,71404,15,71405.0,30.0,N/A,N/A,71397.0,0.0
0,50800,GIFT_BASKET,71392,16,71391.0,21.0,N/A,N/A,71405,16,71407.0,21.0,N/A,N/A,71398.5,0.0
0,50900,GIFT_BASKET,71390,1,71389.0,20.0,71387.0,21.0,71401,1,71402.0,20.0,71403.0,21.0,71395.5,0.0
0,51000,GIFT_BASKET,71397,2,71396.0,19.0,71395.0,19.0,71408,2,71409.0,19.0,71410.0,19.0,71402.5,0.0
0,51100,GIFT_BASKET,71378,1,71377.0,18.0,71376.0,15.0,71389,1,71390.0,18.0,71391.0,15.0,71383.5,0.0
0,51200,GIFT_BASKET,71376,2,71375.0,17.0,71374.0,20.0,71387,2,71388.0,17.0,71389.0,20.0,71381.5,0.0
0,51300,GIFT_BASKET,71379,2,71378.0,19.0,71377.0,25.0,71390,2,71391.0,19.0,71392.0,25.0,71384.5,0.0
0,51400,GIFT_BASKET,71381,17,71380.0,20.0,N/A,N/A,71394,17,71395.0,20.0,N/A,N/A,71387.5,0.0
0,51500,GIFT_BASKET,71369,2,71368.0,13.0,71367.0,17.0,71380,2,71381.0,13.0,71382.0,17.0,71374.5,0.0
0,51600,GIFT_BASKET,71360,2,71359.0,18.0,71358.0,24.0,71371,2,71372.0,18.0,71373.0,24.0,71365.5,0.0
0,51700,GIFT_BASKET,71374,2,71373.0,17.0,71372.0,21.0,71385,2,71386.0,17.0,71387.0,21.0,71379.5,0.0
0,51800,GIFT_BASKET,71380,2,71379.0,15.0,71378.0,21.0,71385,5,71391.0,2.0,71392.0,15.0,71382.5,0.0
0,51900,GIFT_BASKET,71381,1,71380.0,12.0,71379.0,19.0,71392,1,71393.0,12.0,71394.0,19.0,71386.5,0.0
0,52000,GIFT_BASKET,71373,1,71372.0,20.0,71371.0,20.0,71384,1,71385.0,20.0,71386.0,20.0,71378.5,0.0
0,52100,GIFT_BASKET,71370,14,71368.0,28.0,N/A,N/A,71383,14,71384.0,28.0,N/A,N/A,71376.5,0.0
0,52200,GIFT_BASKET,71365,11,71364.0,23.0,N/A,N/A,71379,11,71380.0,23.0,N/A,N/A,71372.0,0.0
0,52300,GIFT_BASKET,71360,16,71359.0,19.0,N/A,N/A,71373,16,71375.0,19.0,N/A,N/A,71366.5,0.0
0,52400,GIFT_BASKET,71357,2,71356.0,11.0,71355.0,22.0,71368,2,71369.0,11.0,71370.0,22.0,71362.5,0.0
0,52500,GIFT_BASKET,71358,1,71357.0,20.0,71356.0,20.0,71369,1,71370.0,20.0,71371.0,20.0,71363.5,0.0
0,52600,GIFT_BASKET,71344,1,71343.0,18.0,71342.0,16.0,71355,1,71356.0,18.0,71357.0,16.0,71349.5,0.0
0,52700,GIFT_BASKET,71327,12,71326.0,20.0,N/A,N/A,71340,12,71341.0,20.0,N/A,N/A,71333.5,0.0
0,52800,GIFT_BASKET,71312,12,71311.0,17.0,N/A,N/A,71325,12,71326.0,17.0,N/A,N/A,71318.5,0.0
0,52900,GIFT_BASKET,71307,1,71306.0,14.0,71305.0,25.0,71318,1,71319.0,14.0,71320.0,25.0,71312.5,0.0
0,53000,GIFT_BASKET,71302,18,71301.0,23.0,N/A,N/A,71315,18,71316.0,23.0,N/A,N/A,71308.5,0.0
0,53100,GIFT_BASKET,71290,1,71289.0,14.0,71288.0,30.0,71301,1,71302.0,14.0,71303.0,30.0,71295.5,0.0
0,53200,GIFT_BASKET,71290,1,71289.0,16.0,71288.0,27.0,71301,1,71302.0,16.0,71304.0,27.0,71295.5,0.0
0,53300,GIFT_BASKET,71274,1,71273.0,10.0,71272.0,29.0,71285,1,71286.0,10.0,71287.0,29.0,71279.5,0.0
0,53400,GIFT_BASKET,71274,18,71272.0,30.0,N/A,N/A,71287,18,71288.0,30.0,N/A,N/A,71280.5,0.0
0,53500,GIFT_BASKET,71258,1,71257.0,13.0,71256.0,22.0,71269,1,71270.0,13.0,71271.0,22.0,71263.5,0.0
0,53600,GIFT_BASKET,71264,6,71252.0,13.0,71251.0,23.0,71265,13,71266.0,23.0,N/A,N/A,71264.5,0.0
0,53700,GIFT_BASKET,71243,2,71242.0,19.0,71241.0,20.0,71254,2,71255.0,19.0,71256.0,20.0,71248.5,0.0
0,53800,GIFT_BASKET,71245,2,71244.0,11.0,71243.0,15.0,71256,2,71257.0,11.0,71258.0,15.0,71250.5,0.0
0,53900,GIFT_BASKET,71238,17,71237.0,30.0,N/A,N/A,71244,2,71251.0,17.0,71252.0,30.0,71241.0,0.0
0,54000,GIFT_BASKET,71252,1,71251.0,14.0,71250.0,22.0,71257,7,71263.0,1.0,71264.0,14.0,71254.5,0.0
0,54100,GIFT_BASKET,71252,11,71251.0,30.0,N/A,N/A,71265,11,71266.0,30.0,N/A,N/A,71258.5,0.0
0,54200,GIFT_BASKET,71246,12,71245.0,27.0,N/A,N/A,71247,5,71258.0,1.0,71260.0,12.0,71246.5,0.0
0,54300,GIFT_BASKET,71261,6,71254.0,15.0,71253.0,30.0,71268,15,71269.0,30.0,N/A,N/A,71264.5,0.0
0,54400,GIFT_BASKET,71237,2,71236.0,15.0,71235.0,27.0,71248,2,71249.0,15.0,71250.0,27.0,71242.5,0.0
0,54500,GIFT_BASKET,71238,15,71237.0,20.0,N/A,N/A,71251,15,71252.0,20.0,N/A,N/A,71244.5,0.0
0,54600,GIFT_BASKET,71239,2,71238.0,12.0,71237.0,15.0,71250,2,71251.0,12.0,71253.0,15.0,71244.5,0.0
0,54700,GIFT_BASKET,71246,7,71240.0,17.0,71239.0,19.0,71253,17,71255.0,19.0,N/A,N/A,71249.5,0.0
0,54800,GIFT_BASKET,71234,1,71233.0,13.0,71232.0,29.0,71245,1,71246.0,13.0,71247.0,29.0,71239.5,0.0
0,54900,GIFT_BASKET,71225,1,71224.0,11.0,71223.0,23.0,71236,1,71237.0,11.0,71238.0,23.0,71230.5,0.0
0,55000,GIFT_BASKET,71212,13,71211.0,25.0,N/A,N/A,71226,13,71227.0,25.0,N/A,N/A,71219.0,0.0
0,55100,GIFT_BASKET,71207,2,71206.0,18.0,71205.0,23.0,71218,2,71219.0,18.0,71220.0,23.0,71212.5,0.0
0,55200,GIFT_BASKET,71202,12,71201.0,17.0,N/A,N/A,71215,12,71216.0,17.0,N/A,N/A,71208.5,0.0
0,55300,GIFT_BASKET,71210,1,71209.0,15.0,71208.0,21.0,71221,1,71222.0,15.0,71223.0,21.0,71215.5,0.0
0,55400,GIFT_BASKET,71213,1,71212.0,19.0,71210.0,26.0,71224,1,71225.0,19.0,71226.0,26.0,71218.5,0.0
0,55500,GIFT_BASKET,71214,15,71213.0,19.0,N/A,N/A,71227,15,71228.0,19.0,N/A,N/A,71220.5,0.0
0,55600,GIFT_BASKET,71204,1,71203.0,16.0,71202.0,23.0,71215,1,71216.0,16.0,71217.0,23.0,71209.5,0.0
0,55700,GIFT_BASKET,71211,20,71210.0,15.0,N/A,N/A,71224,20,71225.0,15.0,N/A,N/A,71217.5,0.0
0,55800,GIFT_BASKET,71210,2,71209.0,16.0,71208.0,29.0,71221,2,71222.0,16.0,71223.0,29.0,71215.5,0.0
0,55900,GIFT_BASKET,71208,13,71207.0,17.0,N/A,N/A,71221,13,71222.0,17.0,N/A,N/A,71214.5,0.0
0,56000,GIFT_BASKET,71209,2,71208.0,14.0,71207.0,19.0,71220,2,71221.0,14.0,71222.0,19.0,71214.5,0.0
0,56100,GIFT_BASKET,71214,1,71213.0,14.0,71212.0,24.0,71225,1,71227.0,14.0,71228.0,24.0,71219.5,0.0
0,56200,GIFT_BASKET,71204,2,71203.0,16.0,71202.0,23.0,71215,2,71216.0,16.0,71217.0,23.0,71209.5,0.0
0,56300,GIFT_BASKET,71193,20,71192.0,21.0,N/A,N/A,71206,20,71207.0,21.0,N/A,N/A,71199.5,0.0
0,56400,GIFT_BASKET,71201,10,71200.0,16.0,N/A,N/A,71214,18,71215.0,16.0,N/A,N/A,71207.5,0.0
0,56500,GIFT_BASKET,71205,16,71204.0,15.0,N/A,N/A,71218,16,71219.0,15.0,N/A,N/A,71211.5,0.0
0,56600,GIFT_BASKET,71201,1,71200.0,16.0,71199.0,16.0,71212,1,71213.0,16.0,71214.0,16.0,71206.5,0.0
0,56700,GIFT_BASKET,71216,15,71215.0,29.0,N/A,N/A,71229,15,71230.0,29.0,N/A,N/A,71222.5,0.0
0,56800,GIFT_BASKET,71206,14,71205.0,17.0,N/A,N/A,71219,14,71220.0,17.0,N/A,N/A,71212.5,0.0
0,56900,GIFT_BASKET,71206,14,71205.0,30.0,N/A,N/A,71212,6,71219.0,14.0,71220.0,30.0,71209.0,0.0
0,57000,GIFT_BASKET,71210,12,71209.0,17.0,N/A,N/A,71223,12,71224.0,17.0,N/A,N/A,71216.5,0.0
0,57100,GIFT_BASKET,71202,2,71201.0,18.0,71200.0,22.0,71213,2,71214.0,18.0,71215.0,22.0,71207.5,0.0
0,57200,GIFT_BASKET,71209,12,71208.0,24.0,N/A,N/A,71222,12,71224.0,24.0,N/A,N/A,71215.5,0.0
0,57300,GIFT_BASKET,71212,11,71211.0,20.0,N/A,N/A,71225,11,71226.0,20.0,N/A,N/A,71218.5,0.0
0,57400,GIFT_BASKET,71213,2,71211.0,14.0,71210.0,30.0,71224,2,71225.0,14.0,71226.0,30.0,71218.5,0.0
0,57500,GIFT_BASKET,71199,8,71198.0,18.0,N/A,N/A,71211,1,71212.0,10.0,71213.0,18.0,71205.0,0.0
0,57600,GIFT_BASKET,71201,10,71200.0,27.0,N/A,N/A,71214,16,71215.0,27.0,N/A,N/A,71207.5,0.0
0,57700,GIFT_BASKET,71194,2,71193.0,15.0,71192.0,17.0,71205,2,71206.0,15.0,71207.0,17.0,71199.5,0.0
0,57800,GIFT_BASKET,71186,2,71185.0,12.0,71184.0,23.0,71197,2,71198.0,12.0,71199.0,23.0,71191.5,0.0
0,57900,GIFT_BASKET,71192,2,71191.0,10.0,71190.0,24.0,71203,2,71204.0,10.0,71205.0,24.0,71197.5,0.0
0,58000,GIFT_BASKET,71196,14,71194.0,20.0,N/A,N/A,71209,14,71210.0,20.0,N/A,N/A,71202.5,0.0
0,58100,GIFT_BASKET,71195,13,71193.0,17.0,N/A,N/A,71207,1,71208.0,19.0,71209.0,17.0,71201.0,0.0
0,58200,GIFT_BASKET,71209,8,71204.0,2.0,71203.0,15.0,71215,2,71216.0,15.0,71217.0,26.0,71212.0,0.0
0,58300,GIFT_BASKET,71220,2,71219.0,15.0,71218.0,27.0,71231,2,71232.0,15.0,71233.0,27.0,71225.5,0.0
0,58400,GIFT_BASKET,71212,20,71211.0,25.0,N/A,N/A,71225,20,71226.0,25.0,N/A,N/A,71218.5,0.0
0,58500,GIFT_BASKET,71205,1,71204.0,17.0,71203.0,28.0,71216,1,71217.0,17.0,71218.0,28.0,71210.5,0.0
0,58600,GIFT_BASKET,71193,2,71192.0,18.0,71191.0,28.0,71204,2,71205.0,18.0,71207.0,28.0,71198.5,0.0
0,58700,GIFT_BASKET,71193,1,71192.0,16.0,71190.0,30.0,71204,1,71205.0,16.0,71206.0,30.0,71198.5,0.0
0,58800,GIFT_BASKET,71203,2,71202.0,10.0,71201.0,28.0,71214,2,71215.0,10.0,71217.0,28.0,71208.5,0.0
0,58900,GIFT_BASKET,71194,16,71193.0,27.0,N/A,N/A,71207,16,71208.0,27.0,N/A,N/A,71200.5,0.0
0,59000,GIFT_BASKET,71201,11,71200.0,24.0,N/A,N/A,71214,11,71215.0,24.0,N/A,N/A,71207.5,0.0
0,59100,GIFT_BASKET,71209,10,71208.0,23.0,N/A,N/A,71222,10,71223.0,23.0,N/A,N/A,71215.5,0.0
0,59200,GIFT_BASKET,71207,2,71206.0,17.0,71205.0,20.0,71218,2,71219.0,17.0,71220.0,20.0,71212.5,0.0
0,59300,GIFT_BASKET,71208,2,71207.0,20.0,71206.0,29.0,71219,2,71220.0,20.0,71221.0,29.0,71213.5,0.0
0,59400,GIFT_BASKET,71208,11,71207.0,24.0,N/A,N/A,71221,11,71222.0,24.0,N/A,N/A,71214.5,0.0
0,59500,GIFT_BASKET,71218,2,71216.0,17.0,71215.0,18.0,71229,2,71230.0,17.0,71231.0,18.0,71223.5,0.0
0,59600,GIFT_BASKET,71224,11,71223.0,28.0,N/A,N/A,71237,11,71238.0,28.0,N/A,N/A,71230.5,0.0
0,59700,GIFT_BASKET,71236,2,71235.0,15.0,71234.0,27.0,71247,2,71248.0,15.0,71249.0,27.0,71241.5,0.0
0,59800,GIFT_BASKET,71239,20,71237.0,18.0,N/A,N/A,71252,20,71253.0,18.0,N/A,N/A,71245.5,0.0
0,59900,GIFT_BASKET,71236,2,71235.0,11.0,71234.0,24.0,71247,2,71248.0,11.0,71249.0,24.0,71241.5,0.0
0,60000,GIFT_BASKET,71234,2,71232.0,19.0,71231.0,26.0,71245,2,71246.0,19.0,71247.0,26.0,71239.5,0.0
0,60100,GIFT_BASKET,71229,19,71228.0,26.0,N/A,N/A,71242,19,71243.0,26.0,N/A,N/A,71235.5,0.0
0,60200,GIFT_BASKET,71243,1,71242.0,20.0,71241.0,21.0,71254,1,71255.0,20.0,71256.0,21.0,71248.5,0.0
0,60300,GIFT_BASKET,71250,2,71249.0,19.0,71248.0,16.0,71261,2,71262.0,19.0,71263.0,16.0,71255.5,0.0
0,60400,GIFT_BASKET,71243,1,71242.0,15.0,71241.0,19.0,71254,1,71255.0,15.0,71257.0,19.0,71248.5,0.0
0,60500,GIFT_BASKET,71238,2,71237.0,13.0,71235.0,16.0,71249,2,71250.0,13.0,71251.0,16.0,71243.5,0.0
0,60600,GIFT_BASKET,71234,18,71233.0,20.0,N/A,N/A,71247,18,71248.0,20.0,N/A,N/A,71240.5,0.0
0,60700,GIFT_BASKET,71232,2,71231.0,11.0,71230.0,20.0,71243,2,71244.0,11.0,71245.0,20.0,71237.5,0.0
0,60800,GIFT_BASKET,71221,1,71220.0,16.0,71219.0,29.0,71232,1,71233.0,16.0,71235.0,29.0,71226.5,0.0
0,60900,GIFT_BASKET,71226,2,71225.0,16.0,71224.0,25.0,71237,2,71238.0,16.0,71239.0,25.0,71231.5,0.0
0,61000,GIFT_BASKET,71234,1,71233.0,13.0,71232.0,18.0,71245,1,71246.0,13.0,71247.0,18.0,71239.5,0.0
0,61100,GIFT_BASKET,71232,2,71231.0,11.0,71229.0,24.0,71243,2,71244.0,11.0,71245.0,24.0,71237.5,0.0
0,61200,GIFT_BASKET,71228,18,71227.0,22.0,N/A,N/A,71241,18,71242.0,22.0,N/A,N/A,71234.5,0.0
0,61300,GIFT_BASKET,71225,1,71224.0,17.0,71223.0,26.0,71236,1,71237.0,17.0,71238.0,26.0,71230.5,0.0
0,61400,GIFT_BASKET,71229,2,71228.0,10.0,71227.0,16.0,71240,2,71241.0,10.0,71242.0,16.0,71234.5,0.0
0,61500,GIFT_BASKET,71238,15,71237.0,23.0,N/A,N/A,71252,15,71253.0,23.0,N/A,N/A,71245.0,0.0
0,61600,GIFT_BASKET,71221,1,71220.0,10.0,71219.0,21.0,71232,1,71233.0,10.0,71234.0,21.0,71226.5,0.0
0,61700,GIFT_BASKET,71239,1,71238.0,12.0,71237.0,22.0,71250,1,71251.0,12.0,71252.0,22.0,71244.5,0.0
0,61800,GIFT_BASKET,71258,2,71246.0,18.0,71245.0,20.0,71259,18,71260.0,20.0,N/A,N/A,71258.5,0.0
0,61900,GIFT_BASKET,71247,2,71246.0,13.0,71245.0,15.0,71258,2,71259.0,13.0,71260.0,15.0,71252.5,0.0
0,62000,GIFT_BASKET,71256,1,71255.0,19.0,71254.0,30.0,71267,1,71268.0,19.0,71269.0,30.0,71261.5,0.0
0,62100,GIFT_BASKET,71270,1,71269.0,20.0,71268.0,16.0,71281,1,71282.0,20.0,71284.0,16.0,71275.5,0.0
0,62200,GIFT_BASKET,71269,19,71267.0,27.0,N/A,N/A,71282,19,71283.0,27.0,N/A,N/A,71275.5,0.0
0,62300,GIFT_BASKET,71273,3,71268.0,1.0,71267.0,15.0,71279,1,71280.0,15.0,71281.0,15.0,71276.0,0.0
0,62400,GIFT_BASKET,71271,18,71270.0,26.0,N/A,N/A,71284,18,71285.0,26.0,N/A,N/A,71277.5,0.0
0,62500,GIFT_BASKET,71270,2,71269.0,20.0,71268.0,17.0,71281,2,71282.0,20.0,71283.0,17.0,71275.5,0.0
0,62600,GIFT_BASKET,71267,2,71266.0,10.0,71265.0,16.0,71278,2,71279.0,10.0,71280.0,16.0,71272.5,0.0
0,62700,GIFT_BASKET,71266,14,71264.0,30.0,N/A,N/A,71279,14,71280.0,30.0,N/A,N/A,71272.5,0.0
0,62800,GIFT_BASKET,71287,1,71286.0,13.0,71285.0,22.0,71298,1,71299.0,13.0,71300.0,22.0,71292.5,0.0
0,62900,GIFT_BASKET,71281,1,71280.0,13.0,71279.0,27.0,71292,1,71293.0,13.0,71294.0,27.0,71286.5,0.0
0,63000,GIFT_BASKET,71275,2,71274.0,18.0,71272.0,30.0,71286,2,71287.0,18.0,71288.0,30.0,71280.5,0.0
0,63100,GIFT_BASKET,71276,19,71275.0,15.0,N/A,N/A,71289,19,71291.0,15.0,N/A,N/A,71282.5,0.0
0,63200,GIFT_BASKET,71291,4,71285.0,15.0,71284.0,26.0,71298,15,71299.0,26.0,N/A,N/A,71294.5,0.0
0,63300,GIFT_BASKET,71288,2,71287.0,18.0,71286.0,29.0,71299,2,71300.0,18.0,71301.0,29.0,71293.5,0.0
0,63400,GIFT_BASKET,71286,1,71285.0,10.0,71284.0,19.0,71297,1,71298.0,10.0,71299.0,19.0,71291.5,0.0
0,63500,GIFT_BASKET,71289,2,71288.0,12.0,71287.0,18.0,71300,2,71301.0,12.0,71302.0,18.0,71294.5,0.0
0,63600,GIFT_BASKET,71298,1,71297.0,16.0,71296.0,30.0,71309,1,71310.0,16.0,71311.0,30.0,71303.5,0.0
0,63700,GIFT_BASKET,71305,7,71300.0,2.0,71298.0,16.0,71311,2,71312.0,16.0,71313.0,25.0,71308.0,0.0
0,63800,GIFT_BASKET,71297,14,71296.0,22.0,N/A,N/A,71298,4,71309.0,2.0,71311.0,14.0,71297.5,0.0
0,63900,GIFT_BASKET,71286,13,71285.0,28.0,N/A,N/A,71299,13,71300.0,28.0,N/A,N/A,71292.5,0.0
0,64000,GIFT_BASKET,71286,1,71285.0,17.0,71284.0,25.0,71297,1,71298.0,17.0,71299.0,25.0,71291.5,0.0
0,64100,GIFT_BASKET,71282,11,71281.0,19.0,N/A,N/A,71295,11,71296.0,19.0,N/A,N/A,71288.5,0.0
0,64200,GIFT_BASKET,71287,1,71286.0,11.0,71285.0,26.0,71298,1,71299.0,11.0,71300.0,26.0,71292.5,0.0
0,64300,GIFT_BASKET,71276,19,71275.0,26.0,N/A,N/A,71289,19,71290.0,26.0,N/A,N/A,71282.5,0.0
0,64400,GIFT_BASKET,71262,1,71261.0,16.0,71260.0,27.0,71273,1,71274.0,16.0,71276.0,27.0,71267.5,0.0
0,64500,GIFT_BASKET,71263,1,71262.0,11.0,71261.0,27.0,71274,1,71275.0,11.0,71276.0,27.0,71268.5,0.0
0,64600,GIFT_BASKET,71252,1,71251.0,19.0,71250.0,20.0,71257,8,71263.0,1.0,71264.0,19.0,71254.5,0.0
0,64700,GIFT_BASKET,71259,2,71258.0,11.0,71257.0,19.0,71270,2,71271.0,11.0,71272.0,19.0,71264.5,0.0
0,64800,GIFT_BASKET,71271,2,71270.0,10.0,71269.0,28.0,71282,2,71283.0,10.0,71284.0,28.0,71276.5,0.0
0,64900,GIFT_BASKET,71270,15,71269.0,29.0,N/A,N/A,71283,15,71284.0,29.0,N/A,N/A,71276.5,0.0
0,65000,GIFT_BASKET,71264,16,71263.0,26.0,N/A,N/A,71278,16,71279.0,26.0,N/A,N/A,71271.0,0.0
0,65100,GIFT_BASKET,71265,2,71264.0,19.0,71263.0,29.0,71276,2,71277.0,19.0,71278.0,29.0,71270.5,0.0
0,65200,GIFT_BASKET,71258,12,71257.0,20.0,N/A,N/A,71264,3,71272.0,12.0,71273.0,20.0,71261.0,0.0
0,65300,GIFT_BASKET,71255,2,71254.0,19.0,71253.0,23.0,71266,2,71267.0,19.0,71268.0,23.0,71260.5,0.0
0,65400,GIFT_BASKET,71255,1,71254.0,17.0,71253.0,29.0,71266,1,71267.0,17.0,71268.0,29.0,71260.5,0.0
0,65500,GIFT_BASKET,71251,2,71249.0,18.0,71248.0,17.0,71262,2,71263.0,18.0,71264.0,17.0,71256.5,0.0
0,65600,GIFT_BASKET,71246,18,71245.0,29.0,N/A,N/A,71259,18,71260.0,29.0,N/A,N/A,71252.5,0.0
0,65700,GIFT_BASKET,71264,12,71263.0,27.0,N/A,N/A,71277,12,71278.0,27.0,N/A,N/A,71270.5,0.0
0,65800,GIFT_BASKET,71261,10,71260.0,25.0,N/A,N/A,71274,10,71275.0,25.0,N/A,N/A,71267.5,0.0
0,65900,GIFT_BASKET,71260,1,71258.0,11.0,71257.0,17.0,71271,1,71272.0,11.0,71273.0,17.0,71265.5,0.0
0,66000,GIFT_BASKET,71268,2,71263.0,1.0,71262.0,19.0,71274,1,71275.0,19.0,71276.0,22.0,71271.0,0.0
0,66100,GIFT_BASKET,71257,12,71256.0,22.0,N/A,N/A,71270,12,71271.0,22.0,N/A,N/A,71263.5,0.0
0,66200,GIFT_BASKET,71260,8,71254.0,20.0,71253.0,27.0,71267,20,71268.0,27.0,N/A,N/A,71263.5,0.0
0,66300,GIFT_BASKET,71255,18,71254.0,25.0,N/A,N/A,71268,18,71269.0,25.0,N/A,N/A,71261.5,0.0
0,66400,GIFT_BASKET,71274,1,71273.0,16.0,71271.0,26.0,71285,1,71286.0,16.0,71287.0,26.0,71279.5,0.0
0,66500,GIFT_BASKET,71292,8,71291.0,17.0,N/A,N/A,71304,2,71305.0,14.0,71306.0,17.0,71298.0,0.0
0,66600,GIFT_BASKET,71286,16,71285.0,19.0,N/A,N/A,71299,16,71301.0,19.0,N/A,N/A,71292.5,0.0
0,66700,GIFT_BASKET,71282,10,71281.0,21.0,N/A,N/A,71295,10,71296.0,21.0,N/A,N/A,71288.5,0.0
0,66800,GIFT_BASKET,71284,2,71283.0,10.0,71282.0,18.0,71295,2,71296.0,10.0,71297.0,18.0,71289.5,0.0
0,66900,GIFT_BASKET,71283,1,71282.0,19.0,71281.0,23.0,71294,1,71295.0,19.0,71296.0,23.0,71288.5,0.0
0,67000,GIFT_BASKET,71286,2,71285.0,10.0,71284.0,26.0,71297,2,71298.0,10.0,71299.0,26.0,71291.5,0.0
0,67100,GIFT_BASKET,71280,12,71279.0,18.0,N/A,N/A,71281,4,71292.0,1.0,71294.0,12.0,71280.5,0.0
0,67200,GIFT_BASKET,71277,2,71276.0,11.0,71275.0,22.0,71288,2,71289.0,11.0,71290.0,22.0,71282.5,0.0
0,67300,GIFT_BASKET,71276,1,71275.0,17.0,71274.0,23.0,71287,1,71288.0,17.0,71289.0,23.0,71281.5,0.0
0,67400,GIFT_BASKET,71269,1,71268.0,13.0,71267.0,22.0,71280,1,71281.0,13.0,71282.0,22.0,71274.5,0.0
0,67500,GIFT_BASKET,71269,1,71268.0,20.0,71266.0,24.0,71274,1,71280.0,1.0,71281.0,20.0,71271.5,0.0
0,67600,GIFT_BASKET,71264,1,71263.0,11.0,71262.0,26.0,71275,1,71276.0,11.0,71277.0,26.0,71269.5,0.0
0,67700,GIFT_BASKET,71265,13,71264.0,26.0,N/A,N/A,71278,13,71279.0,26.0,N/A,N/A,71271.5,0.0
0,67800,GIFT_BASKET,71265,2,71263.0,12.0,71262.0,28.0,71275,2,71277.0,12.0,71278.0,28.0,71270.0,0.0
0,67900,GIFT_BASKET,71261,2,71260.0,19.0,71259.0,23.0,71272,2,71273.0,19.0,71274.0,23.0,71266.5,0.0
0,68000,GIFT_BASKET,71253,15,71252.0,23.0,N/A,N/A,71266,15,71267.0,23.0,N/A,N/A,71259.5,0.0
0,68100,GIFT_BASKET,71254,14,71253.0,24.0,N/A,N/A,71267,14,71268.0,24.0,N/A,N/A,71260.5,0.0
0,68200,GIFT_BASKET,71254,19,71253.0,22.0,N/A,N/A,71255,4,71266.0,2.0,71268.0,19.0,71254.5,0.0
0,68300,GIFT_BASKET,71264,1,71262.0,20.0,71261.0,15.0,71275,1,71276.0,20.0,71277.0,15.0,71269.5,0.0
0,68400,GIFT_BASKET,71272,10,71271.0,23.0,N/A,N/A,71285,10,71286.0,23.0,N/A,N/A,71278.5,0.0
0,68500,GIFT_BASKET,71262,1,71261.0,11.0,71260.0,22.0,71273,1,71274.0,11.0,71275.0,22.0,71267.5,0.0
0,68600,GIFT_BASKET,71266,1,71265.0,19.0,71264.0,22.0,71277,1,71278.0,19.0,71279.0,22.0,71271.5,0.0
0,68700,GIFT_BASKET,71274,2,71273.0,14.0,71271.0,21.0,71285,2,71286.0,14.0,71287.0,21.0,71279.5,0.0
0,68800,GIFT_BASKET,71273,14,71272.0,22.0,N/A,N/A,71286,14,71287.0,22.0,N/A,N/A,71279.5,0.0
0,68900,GIFT_BASKET,71266,15,71265.0,19.0,N/A,N/A,71279,15,71281.0,19.0,N/A,N/A,71272.5,0.0
0,69000,GIFT_BASKET,71265,1,71264.0,20.0,71263.0,26.0,71276,1,71277.0,20.0,71278.0,26.0,71270.5,0.0
0,69100,GIFT_BASKET,71277,12,71276.0,19.0,N/A,N/A,71290,12,71291.0,19.0,N/A,N/A,71283.5,0.0
0,69200,GIFT_BASKET,71285,1,71284.0,11.0,71283.0,22.0,71296,1,71297.0,11.0,71298.0,22.0,71290.5,0.0
0,69300,GIFT_BASKET,71287,2,71286.0,11.0,71285.0,21.0,71298,2,71299.0,11.0,71300.0,21.0,71292.5,0.0
0,69400,GIFT_BASKET,71282,1,71281.0,19.0,71280.0,16.0,71293,1,71294.0,19.0,71295.0,16.0,71287.5,0.0
0,69500,GIFT_BASKET,71278,14,71277.0,16.0,N/A,N/A,71291,14,71292.0,16.0,N/A,N/A,71284.5,0.0
0,69600,GIFT_BASKET,71294,6,71293.0,18.0,N/A,N/A,71306,1,71307.0,10.0,71308.0,18.0,71300.0,0.0
0,69700,GIFT_BASKET,71288,2,71287.0,20.0,71286.0,29.0,71299,2,71300.0,20.0,71301.0,29.0,71293.5,0.0
0,69800,GIFT_BASKET,71286,2,71285.0,15.0,71284.0,29.0,71297,2,71299.0,15.0,71300.0,29.0,71291.5,0.0
0,69900,GIFT_BASKET,71295,18,71294.0,17.0,N/A,N/A,71308,18,71309.0,17.0,N/A,N/A,71301.5,0.0
0,70000,GIFT_BASKET,71296,1,71295.0,18.0,71294.0,22.0,71307,1,71308.0,18.0,71309.0,22.0,71301.5,0.0
0,70100,GIFT_BASKET,71303,18,71302.0,18.0,N/A,N/A,71316,18,71317.0,18.0,N/A,N/A,71309.5,0.0
0,70200,GIFT_BASKET,71307,1,71305.0,12.0,71304.0,25.0,71317,1,71319.0,12.0,71320.0,25.0,71312.0,0.0
0,70300,GIFT_BASKET,71301,20,71300.0,30.0,N/A,N/A,71314,20,71315.0,30.0,N/A,N/A,71307.5,0.0
0,70400,GIFT_BASKET,71300,2,71299.0,17.0,71298.0,29.0,71311,2,71312.0,17.0,71313.0,29.0,71305.5,0.0
0,70500,GIFT_BASKET,71304,14,71303.0,29.0,N/A,N/A,71317,14,71319.0,29.0,N/A,N/A,71310.5,0.0
0,70600,GIFT_BASKET,71306,2,71305.0,11.0,71304.0,30.0,71311,1,71317.0,2.0,71318.0,11.0,71308.5,0.0
0,70700,GIFT_BASKET,71313,10,71312.0,24.0,N/A,N/A,71326,10,71327.0,24.0,N/A,N/A,71319.5,0.0
0,70800,GIFT_BASKET,71324,2,71323.0,15.0,71322.0,27.0,71335,2,71336.0,15.0,71337.0,27.0,71329.5,0.0
0,70900,GIFT_BASKET,71326,13,71324.0,18.0,N/A,N/A,71339,13,71340.0,18.0,N/A,N/A,71332.5,0.0
0,71000,GIFT_BASKET,71323,2,71322.0,20.0,71321.0,17.0,71328,4,71334.0,2.0,71335.0,20.0,71325.5,0.0
0,71100,GIFT_BASKET,71311,2,71310.0,12.0,71309.0,26.0,71322,2,71323.0,12.0,71324.0,26.0,71316.5,0.0
0,71200,GIFT_BASKET,71304,2,71303.0,10.0,71302.0,29.0,71315,2,71316.0,10.0,71317.0,29.0,71309.5,0.0
0,71300,GIFT_BASKET,71301,12,71300.0,15.0,N/A,N/A,71314,12,71315.0,15.0,N/A,N/A,71307.5,0.0
0,71400,GIFT_BASKET,71303,18,71302.0,16.0,N/A,N/A,71316,18,71317.0,16.0,N/A,N/A,71309.5,0.0
0,71500,GIFT_BASKET,71304,3,71299.0,1.0,71298.0,18.0,71310,1,71311.0,18.0,71313.0,30.0,71307.0,0.0
0,71600,GIFT_BASKET,71286,11,71285.0,15.0,N/A,N/A,71299,11,71300.0,15.0,N/A,N/A,71292.5,0.0
0,71700,GIFT_BASKET,71278,17,71277.0,24.0,N/A,N/A,71291,17,71292.0,24.0,N/A,N/A,71284.5,0.0
0,71800,GIFT_BASKET,71279,2,71278.0,12.0,71277.0,30.0,71290,2,71291.0,12.0,71292.0,30.0,71284.5,0.0
0,71900,GIFT_BASKET,71278,2,71277.0,20.0,71276.0,19.0,71289,2,71290.0,20.0,71291.0,19.0,71283.5,0.0
0,72000,GIFT_BASKET,71275,13,71274.0,29.0,N/A,N/A,71288,13,71289.0,29.0,N/A,N/A,71281.5,0.0
0,72100,GIFT_BASKET,71266,2,71265.0,11.0,71264.0,18.0,71277,2,71278.0,11.0,71279.0,18.0,71271.5,0.0
0,72200,GIFT_BASKET,71266,1,71265.0,16.0,71264.0,27.0,71277,1,71278.0,16.0,71280.0,27.0,71271.5,0.0
0,72300,GIFT_BASKET,71252,1,71251.0,19.0,71250.0,28.0,71263,1,71264.0,19.0,71265.0,28.0,71257.5,0.0
0,72400,GIFT_BASKET,71252,19,71251.0,28.0,N/A,N/A,71265,19,71266.0,28.0,N/A,N/A,71258.5,0.0
0,72500,GIFT_BASKET,71254,2,71253.0,15.0,71251.0,30.0,71265,2,71266.0,15.0,71267.0,30.0,71259.5,0.0
0,72600,GIFT_BASKET,71252,2,71251.0,18.0,71250.0,23.0,71257,1,71263.0,2.0,71264.0,18.0,71254.5,0.0
0,72700,GIFT_BASKET,71252,12,71251.0,26.0,N/A,N/A,71265,12,71266.0,26.0,N/A,N/A,71258.5,0.0
0,72800,GIFT_BASKET,71240,12,71238.0,25.0,N/A,N/A,71253,14,71254.0,25.0,N/A,N/A,71246.5,0.0
0,72900,GIFT_BASKET,71237,1,71236.0,16.0,71235.0,26.0,71248,1,71249.0,16.0,71250.0,26.0,71242.5,0.0
0,73000,GIFT_BASKET,71227,2,71226.0,20.0,71225.0,25.0,71238,2,71239.0,20.0,71241.0,25.0,71232.5,0.0
0,73100,GIFT_BASKET,71226,2,71225.0,14.0,71224.0,29.0,71237,2,71238.0,14.0,71239.0,29.0,71231.5,0.0
0,73200,GIFT_BASKET,71215,1,71214.0,20.0,71213.0,18.0,71226,1,71227.0,20.0,71228.0,18.0,71220.5,0.0
0,73300,GIFT_BASKET,71209,2,71208.0,13.0,71207.0,19.0,71220,2,71221.0,13.0,71222.0,19.0,71214.5,0.0
0,73400,GIFT_BASKET,71213,1,71212.0,19.0,71211.0,28.0,71224,1,71225.0,19.0,71227.0,28.0,71218.5,0.0
0,73500,GIFT_BASKET,71217,1,71211.0,15.0,71210.0,24.0,71224,15,71225.0,24.0,N/A,N/A,71220.5,0.0
0,73600,GIFT_BASKET,71208,10,71207.0,22.0,N/A,N/A,71221,10,71222.0,22.0,N/A,N/A,71214.5,0.0
0,73700,GIFT_BASKET,71199,19,71198.0,30.0,N/A,N/A,71205,6,71212.0,19.0,71213.0,30.0,71202.0,0.0
0,73800,GIFT_BASKET,71196,20,71195.0,26.0,N/A,N/A,71209,20,71210.0,26.0,N/A,N/A,71202.5,0.0
0,73900,GIFT_BASKET,71192,2,71191.0,18.0,71190.0,19.0,71203,2,71204.0,18.0,71206.0,19.0,71197.5,0.0
0,74000,GIFT_BASKET,71195,15,71194.0,23.0,N/A,N/A,71208,15,71209.0,23.0,N/A,N/A,71201.5,0.0
0,74100,GIFT_BASKET,71208,2,71207.0,14.0,71206.0,24.0,71219,2,71220.0,14.0,71221.0,24.0,71213.5,0.0
0,74200,GIFT_BASKET,71200,10,71199.0,28.0,N/A,N/A,71213,10,71215.0,28.0,N/A,N/A,71206.5,0.0
0,74300,GIFT_BASKET,71209,13,71208.0,21.0,N/A,N/A,71223,13,71224.0,21.0,N/A,N/A,71216.0,0.0
0,74400,GIFT_BASKET,71215,10,71214.0,23.0,N/A,N/A,71221,7,71228.0,10.0,71229.0,23.0,71218.0,0.0
0,74500,GIFT_BASKET,71226,17,71225.0,27.0,N/A,N/A,71239,17,71240.0,27.0,N/A,N/A,71232.5,0.0
0,74600,GIFT_BASKET,71247,2,71246.0,11.0,71245.0,16.0,71258,2,71259.0,11.0,71260.0,16.0,71252.5,0.0
0,74700,GIFT_BASKET,71254,2,71253.0,16.0,71252.0,18.0,71265,2,71266.0,16.0,71267.0,18.0,71259.5,0.0
0,74800,GIFT_BASKET,71271,4,71260.0,2.0,71259.0,15.0,71272,15,71273.0,19.0,N/A,N/A,71271.5,0.0
0,74900,GIFT_BASKET,71250,1,71249.0,17.0,71248.0,18.0,71261,1,71262.0,17.0,71263.0,18.0,71255.5,0.0
0,75000,GIFT_BASKET,71259,2,71258.0,12.0,71257.0,29.0,71270,2,71271.0,12.0,71272.0,29.0,71264.5,0.0
0,75100,GIFT_BASKET,71241,2,71240.0,10.0,71239.0,18.0,71252,2,71253.0,10.0,71254.0,18.0,71246.5,0.0
0,75200,GIFT_BASKET,71257,1,71252.0,1.0,71250.0,20.0,71263,1,71264.0,20.0,71265.0,25.0,71260.0,0.0
0,75300,GIFT_BASKET,71256,17,71255.0,15.0,N/A,N/A,71269,17,71270.0,15.0,N/A,N/A,71262.5,0.0
0,75400,GIFT_BASKET,71252,2,71251.0,19.0,71250.0,19.0,71263,2,71264.0,19.0,71265.0,19.0,71257.5,0.0
0,75500,GIFT_BASKET,71247,1,71246.0,15.0,71245.0,19.0,71258,1,71259.0,15.0,71260.0,19.0,71252.5,0.0
0,75600,GIFT_BASKET,71249,19,71248.0,16.0,N/A,N/A,71262,19,71263.0,16.0,N/A,N/A,71255.5,0.0
0,75700,GIFT_BASKET,71243,10,71242.0,27.0,N/A,N/A,71256,10,71257.0,27.0,N/A,N/A,71249.5,0.0
0,75800,GIFT_BASKET,71255,2,71254.0,18.0,71253.0,23.0,71266,2,71267.0,18.0,71268.0,23.0,71260.5,0.0
0,75900,GIFT_BASKET,71255,1,71254.0,11.0,71252.0,16.0,71266,1,71267.0,11.0,71268.0,16.0,71260.5,0.0
0,76000,GIFT_BASKET,71260,20,71259.0,24.0,N/A,N/A,71273,20,71274.0,24.0,N/A,N/A,71266.5,0.0
0,76100,GIFT_BASKET,71252,1,71251.0,18.0,71250.0,15.0,71263,1,71264.0,18.0,71265.0,15.0,71257.5,0.0
0,76200,GIFT_BASKET,71259,17,71258.0,15.0,N/A,N/A,71272,17,71273.0,15.0,N/A,N/A,71265.5,0.0
0,76300,GIFT_BASKET,71250,1,71249.0,19.0,71248.0,19.0,71261,1,71262.0,19.0,71263.0,19.0,71255.5,0.0
0,76400,GIFT_BASKET,71233,2,71232.0,17.0,71231.0,16.0,71244,2,71245.0,17.0,71246.0,16.0,71238.5,0.0
0,76500,GIFT_BASKET,71234,1,71233.0,11.0,71232.0,17.0,71245,1,71246.0,11.0,71247.0,17.0,71239.5,0.0
0,76600,GIFT_BASKET,71244,16,71243.0,25.0,N/A,N/A,71257,16,71258.0,25.0,N/A,N/A,71250.5,0.0
0,76700,GIFT_BASKET,71243,1,71241.0,14.0,71240.0,23.0,71253,1,71255.0,14.0,71256.0,23.0,71248.0,0.0
0,76800,GIFT_BASKET,71236,2,71235.0,14.0,71234.0,23.0,71241,7,71247.0,2.0,71248.0,14.0,71238.5,0.0
0,76900,GIFT_BASKET,71244,2,71243.0,13.0,71242.0,17.0,71255,2,71256.0,13.0,71257.0,17.0,71249.5,0.0
0,77000,GIFT_BASKET,71232,2,71231.0,10.0,71230.0,17.0,71243,2,71245.0,10.0,71246.0,17.0,71237.5,0.0
0,77100,GIFT_BASKET,71226,1,71225.0,18.0,71224.0,17.0,71237,1,71238.0,18.0,71239.0,17.0,71231.5,0.0
0,77200,GIFT_BASKET,71223,1,71222.0,20.0,71221.0,22.0,71234,1,71235.0,20.0,71236.0,22.0,71228.5,0.0
0,77300,GIFT_BASKET,71227,1,71226.0,13.0,71225.0,22.0,71238,1,71239.0,13.0,71240.0,22.0,71232.5,0.0
0,77400,GIFT_BASKET,71220,1,71219.0,19.0,71218.0,19.0,71231,1,71232.0,19.0,71233.0,19.0,71225.5,0.0
0,77500,GIFT_BASKET,71212,8,71211.0,16.0,N/A,N/A,71224,2,71225.0,12.0,71226.0,16.0,71218.0,0.0
0,77600,GIFT_BASKET,71208,1,71207.0,10.0,71206.0,29.0,71219,1,71220.0,10.0,71221.0,29.0,71213.5,0.0
0,77700,GIFT_BASKET,71210,14,71209.0,19.0,N/A,N/A,71223,14,71224.0,19.0,N/A,N/A,71216.5,0.0
0,77800,GIFT_BASKET,71218,6,71212.0,15.0,71211.0,30.0,71225,15,71227.0,30.0,N/A,N/A,71221.5,0.0
0,77900,GIFT_BASKET,71211,2,71210.0,10.0,71209.0,19.0,71222,2,71223.0,10.0,71224.0,19.0,71216.5,0.0
0,78000,GIFT_BASKET,71212,1,71211.0,18.0,71210.0,27.0,71223,1,71224.0,18.0,71225.0,27.0,71217.5,0.0
0,78100,GIFT_BASKET,71211,1,71210.0,10.0,71209.0,30.0,71222,1,71223.0,10.0,71224.0,30.0,71216.5,0.0
0,78200,GIFT_BASKET,71208,1,71207.0,18.0,71206.0,27.0,71219,1,71220.0,18.0,71221.0,27.0,71213.5,0.0
0,78300,GIFT_BASKET,71223,13,71222.0,27.0,N/A,N/A,71236,13,71238.0,27.0,N/A,N/A,71229.5,0.0
0,78400,GIFT_BASKET,71220,2,71219.0,14.0,71218.0,18.0,71231,2,71232.0,14.0,71233.0,18.0,71225.5,0.0
0,78500,GIFT_BASKET,71216,12,71215.0,18.0,N/A,N/A,71229,12,71230.0,18.0,N/A,N/A,71222.5,0.0
0,78600,GIFT_BASKET,71200,2,71199.0,19.0,71198.0,28.0,71211,2,71212.0,19.0,71213.0,28.0,71205.5,0.0
0,78700,GIFT_BASKET,71199,11,71198.0,18.0,N/A,N/A,71212,11,71213.0,18.0,N/A,N/A,71205.5,0.0
0,78800,GIFT_BASKET,71191,2,71190.0,11.0,71189.0,27.0,71202,2,71203.0,11.0,71205.0,27.0,71196.5,0.0
0,78900,GIFT_BASKET,71185,1,71184.0,12.0,71183.0,20.0,71196,1,71197.0,12.0,71198.0,20.0,71190.5,0.0
0,79000,GIFT_BASKET,71178,1,71177.0,19.0,71176.0,24.0,71189,1,71190.0,19.0,71191.0,24.0,71183.5,0.0
0,79100,GIFT_BASKET,71188,11,71187.0,26.0,N/A,N/A,71201,11,71202.0,26.0,N/A,N/A,71194.5,0.0
0,79200,GIFT_BASKET,71200,1,71199.0,19.0,71198.0,22.0,71211,1,71212.0,19.0,71213.0,22.0,71205.5,0.0
0,79300,GIFT_BASKET,71195,1,71194.0,12.0,71193.0,20.0,71206,1,71207.0,12.0,71208.0,20.0,71200.5,0.0
0,79400,GIFT_BASKET,71194,1,71193.0,18.0,71192.0,23.0,71205,1,71206.0,18.0,71207.0,23.0,71199.5,0.0
0,79500,GIFT_BASKET,71183,2,71182.0,13.0,71181.0,25.0,71194,2,71195.0,13.0,71196.0,25.0,71188.5,0.0
0,79600,GIFT_BASKET,71172,16,71171.0,22.0,N/A,N/A,71178,6,71185.0,16.0,71186.0,22.0,71175.0,0.0
0,79700,GIFT_BASKET,71178,4,71167.0,2.0,71166.0,20.0,71179,20,71180.0,21.0,N/A,N/A,71178.5,0.0
0,79800,GIFT_BASKET,71174,2,71173.0,16.0,71172.0,26.0,71185,2,71186.0,16.0,71187.0,26.0,71179.5,0.0
0,79900,GIFT_BASKET,71185,2,71184.0,12.0,71183.0,20.0,71196,2,71197.0,12.0,71198.0,20.0,71190.5,0.0
0,80000,GIFT_BASKET,71193,8,71183.0,1.0,71182.0,20.0,71194,1,71195.0,20.0,71196.0,27.0,71193.5,0.0
0,80100,GIFT_BASKET,71182,11,71180.0,15.0,N/A,N/A,71195,11,71196.0,15.0,N/A,N/A,71188.5,0.0
0,80200,GIFT_BASKET,71182,2,71181.0,17.0,71180.0,29.0,71193,2,71194.0,17.0,71195.0,29.0,71187.5,0.0
0,80300,GIFT_BASKET,71186,17,71185.0,26.0,N/A,N/A,71199,17,71200.0,26.0,N/A,N/A,71192.5,0.0
0,80400,GIFT_BASKET,71198,1,71197.0,11.0,71196.0,15.0,71209,1,71211.0,11.0,71212.0,15.0,71203.5,0.0
0,80500,GIFT_BASKET,71191,2,71190.0,12.0,71189.0,19.0,71202,2,71204.0,12.0,71205.0,19.0,71196.5,0.0
0,80600,GIFT_BASKET,71184,20,71183.0,16.0,N/A,N/A,71197,20,71198.0,16.0,N/A,N/A,71190.5,0.0
0,80700,GIFT_BASKET,71188,1,71187.0,14.0,71186.0,19.0,71199,1,71200.0,14.0,71201.0,19.0,71193.5,0.0
0,80800,GIFT_BASKET,71180,1,71179.0,11.0,71178.0,22.0,71191,1,71192.0,11.0,71193.0,22.0,71185.5,0.0
0,80900,GIFT_BASKET,71182,2,71181.0,13.0,71180.0,15.0,71193,2,71194.0,13.0,71195.0,15.0,71187.5,0.0
0,81000,GIFT_BASKET,71177,15,71175.0,18.0,N/A,N/A,71190,15,71191.0,18.0,N/A,N/A,71183.5,0.0
0,81100,GIFT_BASKET,71175,2,71174.0,14.0,71173.0,25.0,71186,2,71187.0,14.0,71188.0,25.0,71180.5,0.0
0,81200,GIFT_BASKET,71175,2,71174.0,11.0,71173.0,16.0,71186,2,71187.0,11.0,71188.0,16.0,71180.5,0.0
0,81300,GIFT_BASKET,71163,13,71162.0,19.0,N/A,N/A,71176,13,71177.0,19.0,N/A,N/A,71169.5,0.0
0,81400,GIFT_BASKET,71157,1,71156.0,19.0,71154.0,16.0,71168,1,71169.0,19.0,71170.0,16.0,71162.5,0.0
0,81500,GIFT_BASKET,71152,2,71151.0,14.0,71150.0,22.0,71163,2,71165.0,14.0,71166.0,22.0,71157.5,0.0
0,81600,GIFT_BASKET,71156,1,71155.0,15.0,71154.0,18.0,71167,1,71168.0,15.0,71169.0,18.0,71161.5,0.0
0,81700,GIFT_BASKET,71157,18,71156.0,20.0,N/A,N/A,71170,18,71171.0,20.0,N/A,N/A,71163.5,0.0
0,81800,GIFT_BASKET,71153,2,71152.0,17.0,71151.0,29.0,71164,2,71165.0,17.0,71166.0,29.0,71158.5,0.0
0,81900,GIFT_BASKET,71158,1,71157.0,20.0,71156.0,15.0,71169,1,71170.0,20.0,71171.0,15.0,71163.5,0.0
0,82000,GIFT_BASKET,71160,1,71159.0,18.0,71158.0,20.0,71171,1,71172.0,18.0,71173.0,20.0,71165.5,0.0
0,82100,GIFT_BASKET,71161,2,71160.0,12.0,71159.0,16.0,71172,2,71173.0,12.0,71174.0,16.0,71166.5,0.0
0,82200,GIFT_BASKET,71158,15,71157.0,18.0,N/A,N/A,71171,15,71172.0,18.0,N/A,N/A,71164.5,0.0
0,82300,GIFT_BASKET,71161,19,71160.0,16.0,N/A,N/A,71174,19,71175.0,16.0,N/A,N/A,71167.5,0.0
0,82400,GIFT_BASKET,71154,17,71153.0,28.0,N/A,N/A,71167,17,71168.0,28.0,N/A,N/A,71160.5,0.0
0,82500,GIFT_BASKET,71154,8,71148.0,15.0,71147.0,17.0,71161,15,71162.0,17.0,N/A,N/A,71157.5,0.0
0,82600,GIFT_BASKET,71157,1,71156.0,12.0,71155.0,25.0,71168,1,71169.0,12.0,71170.0,25.0,71162.5,0.0
0,82700,GIFT_BASKET,71152,1,71151.0,20.0,71150.0,24.0,71163,1,71164.0,20.0,71165.0,24.0,71157.5,0.0
0,82800,GIFT_BASKET,71151,2,71150.0,13.0,71149.0,28.0,71156,7,71162.0,2.0,71164.0,13.0,71153.5,0.0
0,82900,GIFT_BASKET,71159,1,71158.0,17.0,71157.0,22.0,71170,1,71171.0,17.0,71172.0,22.0,71164.5,0.0
0,83000,GIFT_BASKET,71157,13,71156.0,21.0,N/A,N/A,71163,8,71170.0,13.0,71171.0,21.0,71160.0,0.0
0,83100,GIFT_BASKET,71156,20,71155.0,23.0,N/A,N/A,71169,20,71170.0,23.0,N/A,N/A,71162.5,0.0
0,83200,GIFT_BASKET,71164,12,71163.0,24.0,N/A,N/A,71177,12,71178.0,24.0,N/A,N/A,71170.5,0.0
0,83300,GIFT_BASKET,71171,16,71170.0,15.0,N/A,N/A,71177,6,71184.0,16.0,71185.0,15.0,71174.0,0.0
0,83400,GIFT_BASKET,71181,7,71171.0,1.0,71170.0,14.0,71182,1,71183.0,14.0,71184.0,21.0,71181.5,0.0
0,83500,GIFT_BASKET,71164,2,71163.0,16.0,71162.0,21.0,71175,2,71176.0,16.0,71178.0,21.0,71169.5,0.0
0,83600,GIFT_BASKET,71177,3,71171.0,11.0,71169.0,27.0,71184,11,71185.0,27.0,N/A,N/A,71180.5,0.0
0,83700,GIFT_BASKET,71166,14,71165.0,23.0,N/A,N/A,71179,14,71180.0,23.0,N/A,N/A,71172.5,0.0
0,83800,GIFT_BASKET,71161,12,71160.0,25.0,N/A,N/A,71174,12,71175.0,25.0,N/A,N/A,71167.5,0.0
0,83900,GIFT_BASKET,71154,12,71153.0,22.0,N/A,N/A,71167,12,71169.0,22.0,N/A,N/A,71160.5,0.0
0,84000,GIFT_BASKET,71152,1,71151.0,11.0,71150.0,27.0,71163,1,71164.0,11.0,71165.0,27.0,71157.5,0.0
0,84100,GIFT_BASKET,71141,1,71140.0,17.0,71139.0,24.0,71152,1,71153.0,17.0,71154.0,24.0,71146.5,0.0
0,84200,GIFT_BASKET,71150,1,71149.0,14.0,71148.0,21.0,71161,1,71163.0,14.0,71164.0,21.0,71155.5,0.0
0,84300,GIFT_BASKET,71147,2,71146.0,18.0,71145.0,27.0,71158,2,71159.0,18.0,71160.0,27.0,71152.5,0.0
0,84400,GIFT_BASKET,71149,1,71148.0,15.0,71147.0,26.0,71160,1,71161.0,15.0,71162.0,26.0,71154.5,0.0
0,84500,GIFT_BASKET,71137,1,71136.0,15.0,71135.0,26.0,71148,1,71149.0,15.0,71150.0,26.0,71142.5,0.0
0,84600,GIFT_BASKET,71152,16,71151.0,20.0,N/A,N/A,71158,8,71166.0,16.0,71167.0,20.0,71155.0,0.0
0,84700,GIFT_BASKET,71145,2,71144.0,18.0,71143.0,27.0,71156,2,71157.0,18.0,71158.0,27.0,71150.5,0.0
0,84800,GIFT_BASKET,71140,1,71138.0,13.0,71137.0,15.0,71150,1,71152.0,13.0,71153.0,15.0,71145.0,0.0
0,84900,GIFT_BASKET,71135,1,71134.0,12.0,71133.0,28.0,71146,1,71147.0,12.0,71148.0,28.0,71140.5,0.0
0,85000,GIFT_BASKET,71121,14,71120.0,15.0,N/A,N/A,71134,14,71135.0,15.0,N/A,N/A,71127.5,0.0
0,85100,GIFT_BASKET,71127,2,71126.0,11.0,71125.0,19.0,71138,2,71139.0,11.0,71140.0,19.0,71132.5,0.0
0,85200,GIFT_BASKET,71116,2,71115.0,15.0,71114.0,21.0,71127,2,71128.0,15.0,71129.0,21.0,71121.5,0.0
0,85300,GIFT_BASKET,71099,15,71098.0,23.0,N/A,N/A,71112,15,71113.0,23.0,N/A,N/A,71105.5,0.0
0,85400,GIFT_BASKET,71088,17,71087.0,30.0,N/A,N/A,71101,17,71103.0,30.0,N/A,N/A,71094.5,0.0
0,85500,GIFT_BASKET,71090,2,71089.0,17.0,71088.0,26.0,71101,2,71102.0,17.0,71103.0,26.0,71095.5,0.0
0,85600,GIFT_BASKET,71092,2,71090.0,19.0,71089.0,18.0,71102,2,71104.0,19.0,71105.0,18.0,71097.0,0.0
0,85700,GIFT_BASKET,71112,8,71107.0,2.0,71106.0,15.0,71118,2,71119.0,15.0,71120.0,15.0,71115.0,0.0
0,85800,GIFT_BASKET,71107,2,71106.0,15.0,71105.0,30.0,71118,2,71119.0,15.0,71120.0,30.0,71112.5,0.0
0,85900,GIFT_BASKET,71106,1,71105.0,12.0,71104.0,24.0,71117,1,71118.0,12.0,71120.0,24.0,71111.5,0.0
0,86000,GIFT_BASKET,71109,1,71108.0,13.0,71107.0,27.0,71120,1,71121.0,13.0,71122.0,27.0,71114.5,0.0
0,86100,GIFT_BASKET,71112,2,71110.0,17.0,71109.0,28.0,71123,2,71124.0,17.0,71125.0,28.0,71117.5,0.0
0,86200,GIFT_BASKET,71115,10,71114.0,20.0,N/A,N/A,71128,10,71129.0,20.0,N/A,N/A,71121.5,0.0
0,86300,GIFT_BASKET,71113,2,71112.0,19.0,71111.0,24.0,71124,2,71125.0,19.0,71126.0,24.0,71118.5,0.0
0,86400,GIFT_BASKET,71117,12,71116.0,23.0,N/A,N/A,71130,12,71131.0,23.0,N/A,N/A,71123.5,0.0
0,86500,GIFT_BASKET,71119,2,71118.0,10.0,71117.0,25.0,71130,2,71131.0,10.0,71132.0,25.0,71124.5,0.0
0,86600,GIFT_BASKET,71109,5,71103.0,13.0,71102.0,18.0,71116,13,71117.0,18.0,N/A,N/A,71112.5,0.0
0,86700,GIFT_BASKET,71122,15,71121.0,28.0,N/A,N/A,71135,15,71136.0,28.0,N/A,N/A,71128.5,0.0
0,86800,GIFT_BASKET,71123,1,71122.0,11.0,71121.0,18.0,71134,1,71135.0,11.0,71136.0,18.0,71128.5,0.0
0,86900,GIFT_BASKET,71113,2,71112.0,10.0,71111.0,27.0,71124,2,71125.0,10.0,71126.0,27.0,71118.5,0.0
0,87000,GIFT_BASKET,71100,2,71099.0,14.0,71098.0,24.0,71105,3,71111.0,2.0,71112.0,14.0,71102.5,0.0
0,87100,GIFT_BASKET,71104,7,71099.0,2.0,71098.0,11.0,71110,2,71111.0,11.0,71113.0,16.0,71107.0,0.0
0,87200,GIFT_BASKET,71102,16,71101.0,19.0,N/A,N/A,71115,16,71116.0,19.0,N/A,N/A,71108.5,0.0
0,87300,GIFT_BASKET,71107,2,71106.0,14.0,71105.0,20.0,71118,2,71119.0,14.0,71121.0,20.0,71112.5,0.0
0,87400,GIFT_BASKET,71105,10,71103.0,29.0,N/A,N/A,71118,10,71119.0,29.0,N/A,N/A,71111.5,0.0
0,87500,GIFT_BASKET,71117,10,71116.0,18.0,N/A,N/A,71130,10,71131.0,18.0,N/A,N/A,71123.5,0.0
0,87600,GIFT_BASKET,71121,6,71116.0,1.0,71115.0,19.0,71127,1,71128.0,19.0,71129.0,16.0,71124.0,0.0
0,87700,GIFT_BASKET,71118,12,71116.0,25.0,N/A,N/A,71131,12,71132.0,25.0,N/A,N/A,71124.5,0.0
0,87800,GIFT_BASKET,71117,2,71116.0,20.0,71115.0,15.0,71128,2,71129.0,20.0,71130.0,15.0,71122.5,0.0
0,87900,GIFT_BASKET,71117,15,71116.0,18.0,N/A,N/A,71130,15,71131.0,18.0,N/A,N/A,71123.5,0.0
0,88000,GIFT_BASKET,71123,2,71122.0,18.0,71121.0,17.0,71134,2,71135.0,18.0,71137.0,17.0,71128.5,0.0
0,88100,GIFT_BASKET,71120,1,71119.0,14.0,71118.0,18.0,71131,1,71132.0,14.0,71133.0,18.0,71125.5,0.0
0,88200,GIFT_BASKET,71127,10,71126.0,24.0,N/A,N/A,71140,10,71141.0,24.0,N/A,N/A,71133.5,0.0
0,88300,GIFT_BASKET,71120,2,71119.0,10.0,71118.0,21.0,71131,2,71132.0,10.0,71133.0,21.0,71125.5,0.0
0,88400,GIFT_BASKET,71110,7,71105.0,1.0,71104.0,16.0,71116,1,71117.0,16.0,71118.0,19.0,71113.0,0.0
0,88500,GIFT_BASKET,71105,2,71104.0,20.0,71103.0,17.0,71116,2,71117.0,20.0,71118.0,17.0,71110.5,0.0
0,88600,GIFT_BASKET,71115,1,71114.0,19.0,71113.0,18.0,71126,1,71127.0,19.0,71128.0,18.0,71120.5,0.0
0,88700,GIFT_BASKET,71116,13,71115.0,15.0,N/A,N/A,71129,13,71130.0,15.0,N/A,N/A,71122.5,0.0
0,88800,GIFT_BASKET,71116,1,71115.0,16.0,71113.0,15.0,71127,1,71128.0,16.0,71129.0,15.0,71121.5,0.0
0,88900,GIFT_BASKET,71113,2,71112.0,18.0,71111.0,21.0,71124,2,71125.0,18.0,71126.0,21.0,71118.5,0.0
0,89000,GIFT_BASKET,71112,2,71111.0,20.0,71110.0,28.0,71123,2,71124.0,20.0,71125.0,28.0,71117.5,0.0
0,89100,GIFT_BASKET,71111,10,71110.0,16.0,N/A,N/A,71124,10,71126.0,16.0,N/A,N/A,71117.5,0.0
0,89200,GIFT_BASKET,71107,18,71106.0,27.0,N/A,N/A,71120,18,71121.0,27.0,N/A,N/A,71113.5,0.0
0,89300,GIFT_BASKET,71102,2,71101.0,14.0,71099.0,15.0,71113,2,71114.0,14.0,71115.0,15.0,71107.5,0.0
0,89400,GIFT_BASKET,71110,2,71109.0,18.0,71108.0,30.0,71121,2,71122.0,18.0,71123.0,30.0,71115.5,0.0
0,89500,GIFT_BASKET,71101,2,71100.0,12.0,71099.0,30.0,71112,2,71113.0,12.0,71114.0,30.0,71106.5,0.0
0,89600,GIFT_BASKET,71093,1,71092.0,18.0,71090.0,15.0,71104,1,71105.0,18.0,71106.0,15.0,71098.5,0.0
0,89700,GIFT_BASKET,71092,17,71091.0,21.0,N/A,N/A,71106,17,71107.0,21.0,N/A,N/A,71099.0,0.0
0,89800,GIFT_BASKET,71094,1,71093.0,20.0,71092.0,26.0,71105,1,71106.0,20.0,71107.0,26.0,71099.5,0.0
0,89900,GIFT_BASKET,71098,2,71097.0,18.0,71095.0,21.0,71109,2,71110.0,18.0,71111.0,21.0,71103.5,0.0
0,90000,GIFT_BASKET,71109,14,71108.0,26.0,N/A,N/A,71122,14,71123.0,26.0,N/A,N/A,71115.5,0.0
0,90100,GIFT_BASKET,71111,1,71110.0,12.0,71108.0,22.0,71122,1,71123.0,12.0,71124.0,22.0,71116.5,0.0
0,90200,GIFT_BASKET,71127,2,71126.0,17.0,71124.0,20.0,71138,2,71139.0,17.0,71140.0,20.0,71132.5,0.0
0,90300,GIFT_BASKET,71120,19,71119.0,27.0,N/A,N/A,71133,19,71134.0,27.0,N/A,N/A,71126.5,0.0
0,90400,GIFT_BASKET,71118,1,71117.0,10.0,71116.0,23.0,71129,1,71130.0,10.0,71131.0,23.0,71123.5,0.0
0,90500,GIFT_BASKET,71119,2,71118.0,11.0,71117.0,30.0,71130,2,71131.0,11.0,71132.0,30.0,71124.5,0.0
0,90600,GIFT_BASKET,71125,11,71124.0,20.0,N/A,N/A,71138,11,71139.0,20.0,N/A,N/A,71131.5,0.0
0,90700,GIFT_BASKET,71122,1,71121.0,18.0,71120.0,23.0,71133,1,71134.0,18.0,71135.0,23.0,71127.5,0.0
0,90800,GIFT_BASKET,71120,2,71119.0,10.0,71118.0,27.0,71125,5,71131.0,2.0,71132.0,10.0,71122.5,0.0
0,90900,GIFT_BASKET,71120,11,71119.0,26.0,N/A,N/A,71133,11,71134.0,26.0,N/A,N/A,71126.5,0.0
0,91000,GIFT_BASKET,71129,2,71128.0,18.0,71127.0,25.0,71140,2,71141.0,18.0,71143.0,25.0,71134.5,0.0
0,91100,GIFT_BASKET,71124,1,71123.0,20.0,71122.0,18.0,71135,1,71136.0,20.0,71137.0,18.0,71129.5,0.0
0,91200,GIFT_BASKET,71124,2,71123.0,19.0,71122.0,17.0,71135,2,71136.0,19.0,71137.0,17.0,71129.5,0.0
0,91300,GIFT_BASKET,71143,3,71138.0,2.0,71137.0,11.0,71149,2,71150.0,11.0,71151.0,15.0,71146.0,0.0
0,91400,GIFT_BASKET,71118,20,71117.0,17.0,N/A,N/A,71131,20,71132.0,17.0,N/A,N/A,71124.5,0.0
0,91500,GIFT_BASKET,71131,1,71130.0,13.0,71129.0,15.0,71142,1,71143.0,13.0,71144.0,15.0,71136.5,0.0
0,91600,GIFT_BASKET,71125,16,71124.0,24.0,N/A,N/A,71138,16,71140.0,24.0,N/A,N/A,71131.5,0.0
0,91700,GIFT_BASKET,71120,1,71119.0,19.0,71118.0,23.0,71131,1,71132.0,19.0,71133.0,23.0,71125.5,0.0
0,91800,GIFT_BASKET,71130,1,71129.0,11.0,71128.0,23.0,71141,1,71142.0,11.0,71143.0,23.0,71135.5,0.0
0,91900,GIFT_BASKET,71117,14,71116.0,24.0,N/A,N/A,71130,14,71131.0,24.0,N/A,N/A,71123.5,0.0
0,92000,GIFT_BASKET,71117,1,71116.0,14.0,71115.0,28.0,71128,1,71129.0,14.0,71130.0,28.0,71122.5,0.0
0,92100,GIFT_BASKET,71125,2,71124.0,13.0,71123.0,27.0,71130,3,71136.0,2.0,71137.0,13.0,71127.5,0.0
0,92200,GIFT_BASKET,71131,2,71130.0,16.0,71129.0,29.0,71142,2,71143.0,16.0,71144.0,29.0,71136.5,0.0
0,92300,GIFT_BASKET,71136,16,71135.0,26.0,N/A,N/A,71149,16,71150.0,26.0,N/A,N/A,71142.5,0.0
0,92400,GIFT_BASKET,71150,7,71145.0,1.0,71144.0,11.0,71156,1,71157.0,11.0,71158.0,19.0,71153.0,0.0
0,92500,GIFT_BASKET,71151,2,71150.0,10.0,71149.0,24.0,71162,2,71163.0,10.0,71164.0,24.0,71156.5,0.0
0,92600,GIFT_BASKET,71154,13,71153.0,26.0,N/A,N/A,71167,13,71168.0,26.0,N/A,N/A,71160.5,0.0
0,92700,GIFT_BASKET,71142,17,71141.0,19.0,N/A,N/A,71156,17,71157.0,19.0,N/A,N/A,71149.0,0.0
0,92800,GIFT_BASKET,71145,11,71144.0,25.0,N/A,N/A,71151,2,71158.0,11.0,71159.0,25.0,71148.0,0.0
0,92900,GIFT_BASKET,71147,18,71146.0,28.0,N/A,N/A,71160,18,71161.0,28.0,N/A,N/A,71153.5,0.0
0,93000,GIFT_BASKET,71142,2,71141.0,12.0,71140.0,22.0,71153,2,71154.0,12.0,71155.0,22.0,71147.5,0.0
0,93100,GIFT_BASKET,71144,2,71143.0,20.0,71142.0,25.0,71155,2,71156.0,20.0,71157.0,25.0,71149.5,0.0
0,93200,GIFT_BASKET,71142,2,71141.0,18.0,71140.0,30.0,71153,2,71154.0,18.0,71155.0,30.0,71147.5,0.0
0,93300,GIFT_BASKET,71135,1,71134.0,18.0,71133.0,16.0,71146,1,71148.0,18.0,71149.0,16.0,71140.5,0.0
0,93400,GIFT_BASKET,71130,14,71129.0,21.0,N/A,N/A,71143,14,71144.0,21.0,N/A,N/A,71136.5,0.0
0,93500,GIFT_BASKET,71127,15,71126.0,29.0,N/A,N/A,71140,15,71141.0,29.0,N/A,N/A,71133.5,0.0
0,93600,GIFT_BASKET,71133,1,71132.0,20.0,71131.0,30.0,71144,1,71146.0,20.0,71147.0,30.0,71138.5,0.0
0,93700,GIFT_BASKET,71127,2,71126.0,11.0,71125.0,27.0,71138,2,71139.0,11.0,71141.0,27.0,71132.5,0.0
0,93800,GIFT_BASKET,71121,1,71120.0,19.0,71119.0,16.0,71132,1,71133.0,19.0,71134.0,16.0,71126.5,0.0
0,93900,GIFT_BASKET,71132,1,71131.0,13.0,71130.0,15.0,71143,1,71144.0,13.0,71145.0,15.0,71137.5,0.0
0,94000,GIFT_BASKET,71131,1,71130.0,20.0,71128.0,18.0,71142,1,71143.0,20.0,71144.0,18.0,71136.5,0.0
0,94100,GIFT_BASKET,71147,10,71146.0,21.0,N/A,N/A,71160,10,71161.0,21.0,N/A,N/A,71153.5,0.0
0,94200,GIFT_BASKET,71152,1,71150.0,16.0,71149.0,27.0,71162,1,71164.0,16.0,71165.0,27.0,71157.0,0.0
0,94300,GIFT_BASKET,71146,15,71145.0,21.0,N/A,N/A,71159,15,71160.0,21.0,N/A,N/A,71152.5,0.0
0,94400,GIFT_BASKET,71150,2,71149.0,17.0,71148.0,22.0,71161,2,71162.0,17.0,71163.0,22.0,71155.5,0.0
0,94500,GIFT_BASKET,71150,17,71149.0,25.0,N/A,N/A,71163,17,71164.0,25.0,N/A,N/A,71156.5,0.0
0,94600,GIFT_BASKET,71146,11,71145.0,18.0,N/A,N/A,71159,11,71160.0,18.0,N/A,N/A,71152.5,0.0
0,94700,GIFT_BASKET,71147,16,71146.0,23.0,N/A,N/A,71160,16,71161.0,23.0,N/A,N/A,71153.5,0.0
0,94800,GIFT_BASKET,71151,1,71150.0,13.0,71149.0,28.0,71162,1,71163.0,13.0,71164.0,28.0,71156.5,0.0
0,94900,GIFT_BASKET,71143,2,71142.0,19.0,71141.0,15.0,71154,2,71155.0,19.0,71156.0,15.0,71148.5,0.0
0,95000,GIFT_BASKET,71136,16,71135.0,21.0,N/A,N/A,71150,16,71151.0,21.0,N/A,N/A,71143.0,0.0
0,95100,GIFT_BASKET,71144,1,71143.0,16.0,71142.0,29.0,71155,1,71156.0,16.0,71157.0,29.0,71149.5,0.0
0,95200,GIFT_BASKET,71149,11,71148.0,16.0,N/A,N/A,71150,5,71161.0,1.0,71162.0,11.0,71149.5,0.0
0,95300,GIFT_BASKET,71157,1,71156.0,20.0,71155.0,26.0,71168,1,71169.0,20.0,71170.0,26.0,71162.5,0.0
0,95400,GIFT_BASKET,71152,1,71151.0,11.0,71150.0,23.0,71163,1,71164.0,11.0,71165.0,23.0,71157.5,0.0
0,95500,GIFT_BASKET,71169,6,71164.0,1.0,71163.0,16.0,71175,1,71176.0,16.0,71177.0,28.0,71172.0,0.0
0,95600,GIFT_BASKET,71165,11,71164.0,27.0,N/A,N/A,71178,11,71180.0,27.0,N/A,N/A,71171.5,0.0
0,95700,GIFT_BASKET,71177,2,71176.0,20.0,71175.0,30.0,71188,2,71189.0,20.0,71190.0,30.0,71182.5,0.0
0,95800,GIFT_BASKET,71180,2,71179.0,13.0,71178.0,18.0,71191,2,71192.0,13.0,71193.0,18.0,71185.5,0.0
0,95900,GIFT_BASKET,71184,19,71183.0,29.0,N/A,N/A,71197,19,71198.0,29.0,N/A,N/A,71190.5,0.0
0,96000,GIFT_BASKET,71185,5,71180.0,2.0,71179.0,17.0,71191,2,71192.0,17.0,71193.0,28.0,71188.0,0.0
0,96100,GIFT_BASKET,71193,2,71192.0,17.0,71191.0,21.0,71204,2,71205.0,17.0,71206.0,21.0,71198.5,0.0
0,96200,GIFT_BASKET,71181,1,71180.0,11.0,71179.0,30.0,71186,1,71192.0,1.0,71193.0,11.0,71183.5,0.0
0,96300,GIFT_BASKET,71178,20,71177.0,15.0,N/A,N/A,71191,20,71192.0,15.0,N/A,N/A,71184.5,0.0
0,96400,GIFT_BASKET,71182,2,71181.0,17.0,71180.0,20.0,71193,2,71194.0,17.0,71196.0,20.0,71187.5,0.0
0,96500,GIFT_BASKET,71180,19,71179.0,18.0,N/A,N/A,71193,19,71194.0,18.0,N/A,N/A,71186.5,0.0
0,96600,GIFT_BASKET,71194,14,71193.0,18.0,N/A,N/A,71207,14,71208.0,18.0,N/A,N/A,71200.5,0.0
0,96700,GIFT_BASKET,71200,1,71199.0,15.0,71198.0,15.0,71211,1,71212.0,15.0,71213.0,15.0,71205.5,0.0
0,96800,GIFT_BASKET,71199,16,71198.0,17.0,N/A,N/A,71212,16,71213.0,17.0,N/A,N/A,71205.5,0.0
0,96900,GIFT_BASKET,71206,18,71205.0,21.0,N/A,N/A,71219,18,71220.0,21.0,N/A,N/A,71212.5,0.0
0,97000,GIFT_BASKET,71193,2,71192.0,20.0,71191.0,27.0,71204,2,71205.0,20.0,71206.0,27.0,71198.5,0.0
0,97100,GIFT_BASKET,71181,2,71180.0,17.0,71179.0,21.0,71186,6,71192.0,2.0,71193.0,17.0,71183.5,0.0
0,97200,GIFT_BASKET,71187,2,71186.0,12.0,71185.0,30.0,71198,2,71199.0,12.0,71200.0,30.0,71192.5,0.0
0,97300,GIFT_BASKET,71191,1,71190.0,16.0,71189.0,16.0,71202,1,71203.0,16.0,71204.0,16.0,71196.5,0.0
0,97400,GIFT_BASKET,71202,4,71197.0,2.0,71196.0,20.0,71208,2,71209.0,20.0,71211.0,27.0,71205.0,0.0
0,97500,GIFT_BASKET,71206,2,71205.0,18.0,71204.0,17.0,71217,2,71218.0,18.0,71219.0,17.0,71211.5,0.0
0,97600,GIFT_BASKET,71211,10,71209.0,26.0,N/A,N/A,71224,10,71225.0,26.0,N/A,N/A,71217.5,0.0
0,97700,GIFT_BASKET,71203,1,71202.0,16.0,71201.0,27.0,71214,1,71215.0,16.0,71216.0,27.0,71208.5,0.0
0,97800,GIFT_BASKET,71203,15,71202.0,19.0,N/A,N/A,71216,15,71217.0,19.0,N/A,N/A,71209.5,0.0
0,97900,GIFT_BASKET,71211,18,71210.0,22.0,N/A,N/A,71225,18,71226.0,22.0,N/A,N/A,71218.0,0.0
0,98000,GIFT_BASKET,71207,1,71206.0,12.0,71204.0,23.0,71218,1,71219.0,12.0,71220.0,23.0,71212.5,0.0
0,98100,GIFT_BASKET,71185,2,71183.0,12.0,71182.0,20.0,71195,2,71197.0,12.0,71198.0,20.0,71190.0,0.0
0,98200,GIFT_BASKET,71184,1,71183.0,16.0,71182.0,21.0,71195,1,71196.0,16.0,71197.0,21.0,71189.5,0.0
0,98300,GIFT_BASKET,71194,1,71192.0,19.0,71191.0,22.0,71204,1,71206.0,19.0,71207.0,22.0,71199.0,0.0
0,98400,GIFT_BASKET,71189,12,71188.0,19.0,N/A,N/A,71202,12,71203.0,19.0,N/A,N/A,71195.5,0.0
0,98500,GIFT_BASKET,71200,2,71199.0,15.0,71198.0,25.0,71211,2,71212.0,15.0,71213.0,25.0,71205.5,0.0
0,98600,GIFT_BASKET,71202,2,71200.0,16.0,71199.0,20.0,71213,2,71214.0,16.0,71215.0,20.0,71207.5,0.0
0,98700,GIFT_BASKET,71201,2,71200.0,19.0,71199.0,15.0,71212,2,71213.0,19.0,71214.0,15.0,71206.5,0.0
0,98800,GIFT_BASKET,71195,1,71194.0,15.0,71193.0,29.0,71206,1,71207.0,15.0,71208.0,29.0,71200.5,0.0
0,98900,GIFT_BASKET,71198,1,71197.0,17.0,71196.0,25.0,71209,1,71211.0,17.0,71212.0,25.0,71203.5,0.0
0,99000,GIFT_BASKET,71202,2,71201.0,19.0,71200.0,29.0,71213,2,71214.0,19.0,71215.0,29.0,71207.5,0.0
0,99100,GIFT_BASKET,71222,2,71221.0,20.0,71220.0,21.0,71233,2,71234.0,20.0,71235.0,21.0,71227.5,0.0
0,99200,GIFT_BASKET,71226,1,71225.0,15.0,71224.0,17.0,71237,1,71238.0,15.0,71239.0,17.0,71231.5,0.0
0,99300,GIFT_BASKET,71222,18,71221.0,24.0,N/A,N/A,71235,18,71236.0,24.0,N/A,N/A,71228.5,0.0
0,99400,GIFT_BASKET,71223,20,71222.0,27.0,N/A,N/A,71237,20,71238.0,27.0,N/A,N/A,71230.0,0.0
0,99500,GIFT_BASKET,71227,1,71226.0,15.0,71224.0,17.0,71238,1,71239.0,15.0,71240.0,17.0,71232.5,0.0
0,99600,GIFT_BASKET,71220,13,71219.0,21.0,N/A,N/A,71233,13,71234.0,21.0,N/A,N/A,71226.5,0.0
0,99700,GIFT_BASKET,71222,1,71221.0,14.0,71220.0,19.0,71233,1,71234.0,14.0,71235.0,19.0,71227.5,0.0
0,99800,GIFT_BASKET,71218,1,71217.0,15.0,71216.0,21.0,71229,1,71230.0,15.0,71231.0,21.0,71223.5,0.0
0,99900,GIFT_BASKET,71220,2,71219.0,10.0,71218.0,24.0,71231,2,71232.0,10.0,71233.0,24.0,71225.5,0.0
0,100000,GIFT_BASKET,71217,20,71216.0,24.0,N/A,N/A,71230,20,71231.0,24.0,N/A,N/A,71223.5,0.0
0,100100,GIFT_BASKET,71216,1,71215.0,18.0,71214.0,19.0,71227,1,71229.0,18.0,71230.0,19.0,71221.5,0.0
0,100200,GIFT_BASKET,71224,16,71223.0,27.0,N/A,N/A,71237,16,71238.0,27.0,N/A,N/A,71230.5,0.0
0,100300,GIFT_BASKET,71233,2,71232.0,14.0,71230.0,16.0,71244,2,71245.0,14.0,71246.0,16.0,71238.5,0.0
0,100400,GIFT_BASKET,71236,1,71235.0,10.0,71234.0,23.0,71247,1,71248.0,10.0,71249.0,23.0,71241.5,0.0
0,100500,GIFT_BASKET,71237,2,71236.0,10.0,71235.0,21.0,71248,2,71249.0,10.0,71250.0,21.0,71242.5,0.0
0,100600,GIFT_BASKET,71220,2,71219.0,11.0,71218.0,18.0,71231,2,71233.0,11.0,71234.0,18.0,71225.5,0.0
0,100700,GIFT_BASKET,71229,7,71223.0,13.0,71222.0,15.0,71236,13,71237.0,15.0,N/A,N/A,71232.5,0.0
0,100800,GIFT_BASKET,71231,1,71230.0,14.0,71229.0,18.0,71242,1,71243.0,14.0,71244.0,18.0,71236.5,0.0
0,100900,GIFT_BASKET,71238,13,71237.0,26.0,N/A,N/A,71251,13,71252.0,26.0,N/A,N/A,71244.5,0.0
0,101000,GIFT_BASKET,71243,2,71242.0,19.0,71241.0,29.0,71254,2,71255.0,19.0,71256.0,29.0,71248.5,0.0
0,101100,GIFT_BASKET,71261,7,71249.0,20.0,71248.0,20.0,71263,20,71264.0,20.0,N/A,N/A,71262.0,0.0
0,101200,GIFT_BASKET,71246,19,71245.0,15.0,N/A,N/A,71259,19,71260.0,15.0,N/A,N/A,71252.5,0.0
0,101300,GIFT_BASKET,71248,14,71247.0,27.0,N/A,N/A,71261,14,71262.0,27.0,N/A,N/A,71254.5,0.0
0,101400,GIFT_BASKET,71251,10,71250.0,29.0,N/A,N/A,71264,10,71265.0,29.0,N/A,N/A,71257.5,0.0
0,101500,GIFT_BASKET,71245,1,71244.0,11.0,71243.0,27.0,71256,1,71257.0,11.0,71258.0,27.0,71250.5,0.0
0,101600,GIFT_BASKET,71238,2,71237.0,19.0,71236.0,15.0,71243,5,71249.0,2.0,71250.0,19.0,71240.5,0.0
0,101700,GIFT_BASKET,71232,1,71231.0,19.0,71229.0,16.0,71243,1,71244.0,19.0,71245.0,16.0,71237.5,0.0
0,101800,GIFT_BASKET,71223,2,71221.0,16.0,71220.0,26.0,71233,2,71235.0,16.0,71236.0,26.0,71228.0,0.0
0,101900,GIFT_BASKET,71224,2,71223.0,15.0,71221.0,27.0,71235,2,71236.0,15.0,71237.0,27.0,71229.5,0.0
0,102000,GIFT_BASKET,71227,1,71226.0,19.0,71225.0,30.0,71238,1,71239.0,19.0,71240.0,30.0,71232.5,0.0
0,102100,GIFT_BASKET,71216,2,71215.0,10.0,71214.0,18.0,71227,2,71228.0,10.0,71229.0,18.0,71221.5,0.0
0,102200,GIFT_BASKET,71211,1,71210.0,20.0,71208.0,19.0,71222,1,71223.0,20.0,71224.0,19.0,71216.5,0.0
0,102300,GIFT_BASKET,71222,11,71221.0,19.0,N/A,N/A,71235,11,71236.0,19.0,N/A,N/A,71228.5,0.0
0,102400,GIFT_BASKET,71211,1,71209.0,11.0,71208.0,15.0,71222,1,71223.0,11.0,71224.0,15.0,71216.5,0.0
0,102500,GIFT_BASKET,71215,1,71214.0,15.0,71213.0,30.0,71226,1,71227.0,15.0,71228.0,30.0,71220.5,0.0
0,102600,GIFT_BASKET,71215,12,71214.0,19.0,N/A,N/A,71228,12,71229.0,19.0,N/A,N/A,71221.5,0.0
0,102700,GIFT_BASKET,71230,3,71224.0,11.0,71223.0,21.0,71237,11,71238.0,21.0,N/A,N/A,71233.5,0.0
